2675 3992
436 271 551 338 250

832 264 839 267 ·
877 284 880 286 v
917 251 1383 324 ‘Maximilianus
1410 252 1473 314 I:
1493 252 1707 343 imper.
1732 254 1867 323 'XL
1885 255 1995 318 III.

162 373 325 406 AnnSal.
348 364 598 434 premebant
620 396 632 415 ‚
670 359 972 406 &vicentiam
994 355 1126 428 Vsque
1148 354 1360 423 carpendo
1416 371 1509 402 tum
1524 357 1744 423 impauido
1764 355 2184 417 auimocathafrafti
2209 364 2417 432 Hispano-
2442 382 2605 417 Annsal.

2469 431 2519 446 Γ,

170 423 254 455 ¹513-

348 524 464 550 mum
476 516 637 569 pagum
649 493 839 546 consedit
852 529 866 551 ,
900 495 998 545 inde
1020 495 1238 542 Veronam
1261 512 1359 564 Ρτο-7

345 570 533 618 ficiscens
557 600 570 621 ‚
605 568 761 614 itinera
782 564 1107 634 impeditiffima
1140 564 1322 612 offendit
1348 601 1355 609 .

345 642 533 686 Armatae
545 654 721 705 quoque
733 636 1005 684 Venetorum
1023 633 1221 686 cohortes
1245 650 1357 686 non„

342 705 489 775 procul
509 704 681 754 aberant
703 722 805 757 cum
830 706 1057 752 tormentis
1088 700 1322 750 currulibus
1346 739 1355 748 .

341 781 582 849 Qumque
595 776 680 822 iam
704 771 1044 841 aduesperascet,
1062 771 1207 819 vcastra
1221 791 1272 819 eo
1295 770 1356 817 lo-

341 845 393 892 co
406 842 597 892 firmauit
611 878 625 899 ,
660 845 924 909 nouemque
946 841 1115 907 plenam
1138 839 1358 889 habuere>

343 915 515 961 terroris
528 949 542 969 ,
577 912 683 960 dum
696 910 720 959 a
734 928 855 979 tergo
870 943 882 963 ‚
893 928 915 956 a
928 908 1121 965 fronte,:i
1135 908 1258 956 latere
1270 927 1357 960 cre-

341 980 427 1030 bris
444 997 769 1034 tormentorum
783 978 934 1031 ictibus
949 978 1201 1046 petebantur
1215 1014 1223 1023 .
1237 978 1355 1031 Pedi-

342 1068 401 1105 tes
414 1066 535 1098 metu
548 1049 776 1102 vulnerum
792 1046 1006 1116 prostratis
1022 1046 1143 1094 humi
1164 1048 1355 1113 corpori-

339 1118 417 1171 bus
444 1117 662 1173 iacebant3
689 1119 855 1184 equites
877 1118 988 1168 inter
1009 1114 1189 1182 virgulta
1220 1114 1354 1162 latita-

338 1187 441 1236 bant
456 1225 465 1234 .
505 1193 789 1235 Commeatus
800 1186 970 1239 acceflit
984 1186 1175 1252 penuria,
1187 1200 1353 1230 rerum-

337 1275 421 1326 que
432 1258 636 1304 omnium
648 1256 794 1322 inopia
809 1251 1088 1320 :consumpta
1111 1270 1152 1299 re
1166 1248 1354 1298 frumen-

338 1327 441 1377 taria
454 1357 468 1377 ,
480 1323 573 1370 solis
588 1325 894 1375 iumentorum
908 1321 1104 1374 carnibus
1117 1322 1202 1368 iam
1223 1319 1354 1367 biduo

336 1392 492 1438 milites
516 1388 817 1446 vescebantur.
855 1396 1000 1457 Qare
1023 1392 1169 1458 primo
1190 1405 1353 1435 mane)

334 1467 369 1509 C
370 1459 560 1509 ardonius
570 1461 810 1528 Imperator
822 1461 1065 1513 conuocatis
1078 1455 1268 1504 Ducibus
1280 1462 1352 1503 Co-

336 1529 488 1578 lumnio
502 1563 514 1582 ,
528 1527 685 1584 Sabello
702 1562 716 1582 ,
731 1528 908 1581 Darada,
921 1528 1096 1575 lauadeo
1110 1560 1123 1580 ,
1137 1525 1349 1578 Alarcone,

336 1598 444 1665 quid
455 1597 672 1667 agendum
686 1600 728 1649 in
742 1599 870 1643 tantis
883 1613 1025 1644 rerum
1039 1593 1236 1663 angustijs
1249 1612 1351 1641 con-

335 1666 486 1718 suluit?
524 1684 569 1713 ea
591 1670 693 1716 vicit
715 1663 921 1712 sententia
936 1699 949 1718 ,
985 1682 1030 1712 vt
1042 1661 1351 1731 omiffoccepto

335 1738 485 1784 itinere
498 1769 513 1789 ‚
548 1752 666 1783 retro
679 1731 899 1781 Bassanum
913 1732 1052 1783 versus
1075 1732 1348 1780 dextrorsum

334 1804 464 1851 castra
477 1820 759 1851 mouerentur
772 1835 786 1856 ‚
819 1821 871 1849 eo
892 1800 1090 1855 consilio,
1128 1818 1175 1849 vt
1198 1804 1348 1848 Liuia-

335 1894 409 1921 nus
421 1890 568 1920 natura
581 1870 705 1920 ferox
721 1904 732 1924 ,
770 1888 923 1940 pugna:
945 1871 1094 1919 auidus
1119 1873 1163 1915 in
1178 1886 1350 1937 cequum

333 1941 386 1989 ad
408 1936 737 2009 confligendum
758 1940 1035 1990 deduceretur
1052 1974 1066 1993 ,
1101 1937 1172 1987 vbi
1194 1953 1350 1985 tentata

334 2011 463 2079 praelij
486 2007 663 2058 fortuna
687 2043 700 2062 ,
736 2026 878 2076 quum
901 2006 1133 2055 inconsulte
1171 2023 1349 2052 temere-

332 2091 417 2146 q'ue
428 2081 576 2126 omnia
587 2095 730 2146 ageret
746 2110 759 2130 ,
795 2075 914 2124 facile
937 2079 1049 2126 vinci
1063 2073 1349 2144 possettquod

332 2147 364 2201 {i
386 2143 500 2194 forte
522 2146 587 2193 ille
611 2164 756 2214 pugna
779 2144 1033 2200 abstineret,
1068 2143 1125 2193 illi
1149 2139 1349 2192 dimissa„

330 2216 531 2263 Vicentia
547 2249 559 2268 ‚
597 2232 671 2284 per
694 2214 978 2263 Tridentinos
998 2231 1168 2264 montes
1192 2247 1205 2266 ‚
1243 2213 1347 2257 inui-

332 2301 381 2333 to
402 2286 583 2332 Liuiano
606 2317 620 2339 ‚
655 2303 758 2333 cum
783 2282 993 2336 incolumi
1013 2286 1231 2335 exercitu,
1269 2280 1351 2326 Ve-

331 2372 487 2402 ronam
517 2368 836 2401 reuerterentur
866 2353 1102 2401 incolumes
1129 2390 1138 2399 ,
1180 2350 1349 2419 Adpro-

331 2422 427 2472 bata
446 2421 651 2473 sententia
672 2457 686 2478 ‚
720 2422 870 2471 eadem
894 2419 1001 2471 liora
1020 2421 1247 2470 Cardonius
1283 2438 1349 2465 ca-

331 2491 412 2540 stra
437 2494 605 2541 mouit.-
644 2490 764 2561 quod
788 2490 861 2542 vbi
883 2493 1092 2538 Liuianus
1115 2489 1350 2553 cognouit,

331 2562 628 2608 immoderato
649 2592 664 2612 ,
700 2575 748 2606 vt
769 2574 858 2609 erat
883 2589 897 2609 ,
935 2555 1156 2621 pugnandi
1189 2551 1348 2601 defide-

330 2631 396 2681 rio
410 2661 424 2681 ‚
458 2626 576 2693 signa
586 2623 804 2691 extemplo
816 2638 966 2675 canere
987 2623 1106 2670 iuffit
1121 2656 1134 2676 ‚
1156 2620 1347 2669 hostem-

325 2714 413 2763 que
426 2689 719 2761 incomposito
730 2692 903 2759 agmine
915 2708 1049 2759 prope
1070 2709 1218 2739 omnes
1243 2690 1346 2740 inse.

329 2767 477 2831 quitur
491 2802 500 2809 .
538 2761 608 2808 Ille
622 2760 723 2810 vero
736 2758 938 2808 instrueta
950 2760 1145 2809 incedens
1158 2763 1243 2808 acie
1259 2795 1271 2815 ,
1293 2763 1346 2809 ad

328 2834 552 2880 Creatium
573 2827 811 2897 ignobilem
835 2830 879 2875 in
899 2846 1003 2895 agro
1026 2832 1259 2877 Vicentino
1272 2849 1343 2896 pa-

330 2919 439 2968 gum
459 2897 648 2948 consedit
661 2931 675 2951 ‚
695 2896 860 2947 nullutn
882 2897 1115 2948 dimicandi
1151 2916 1346 2946 moram..

330 2967 546 3023 faoturus,
580 2965 646 3016 fia
667 2969 837 3016 Veneto
857 2965 1064 3016 laceffitus
1084 2964 1201 3014 effer:
1238 2968 1345 3013 inte-

331 3040 418 3087 rim
439 3039 643 3088 Liuianus
673 3055 774 3084 cum
808 3035 1007 3086 omnibus
1028 3039 1161 3104 copijs
1188 3053 1344 3104 appro-

331 3110 543 3176 pinquans
566 3141 578 3160 ,
614 3108 658 3153 in
678 3105 846 3154 hostem
876 3104 1076 3154 ferociter
1096 3103 1183 3153 ibat
1209 3123 1219 3149 τ
1256 3121 1345 3152 erat

332 3193 476 3224 autem
498 3177 543 3222 in
565 3173 711 3223 medio
731 3177 889 3240 Creatij
913 3173 1008 3223 loco
1031 3174 1229 3243 planicies
1249 3171 1344 3221 satis

333 3242 497 3310 ampla,
534 3243 762 3293 &collibus
786 3242 875 3293 fere
896 3243 951 3292 ab
972 3245 1095 3294 omni
1111 3259 1229 3310 parte
1251 3244 1340 3288 cin-

333 3313 426 3363 ἃᾶ,
462 3310 972 3383 habebat&profundam
994 3312 1169 3363 vallem,
1205 3309 1337 3376 vepri-

334 3376 495 3445 busque
517 3386 561 3424 &
582 3380 765 3430 dumetis
788 3382 956 3450 plenam
983 3413 996 3434 ‚
1030 3394 1251 3447 paruoque
1281 3379 1337 3423 ri-

333 3464 392 3494 uo
413 3448 621 3513 irriguam
639 3485 648 3493 .
690 3451 787 3496 Huc
800 3452 930 3517 igitur
942 3463 1120 3512 vterque
1130 3448 1336 3493 exercitus

333 3512 536 3562 instructa
571 3514 624 3561 ad
658 3514 951 3570 dimicandum
981 3516 1068 3561 acie
1098 3516 1332 3581 processit.

335 3582 411 3632 Sed
433 3584 553 3652 prior
573 3584 781 3630 Liuianus
802 3583 1013 3651 praemisso
1035 3585 1227 3650 equitatu
1243 3618 1254 3636 ‚
1288 3601 1334 3630 ac

335 3650 468 3701 tribus
500 3652 621 3698 aeneis
656 3649 865 3700 machinis
899 3685 913 3706 ‚
946 3654 991 3698 in
1022 3649 1184 3700 hostem
1223 3649 1333 3699 fero-

331 3723 438 3768 citer
470 3719 583 3771 vadit
616 3738 626 3766 :
674 3737 875 3788 excepere
915 3718 1154 3768 irruentem
1193 3723 1332 3769 Vene-

347 432 661 484 insetstabantur
686 466 696 476 .
735 427 942 494 Fatigatus
965 423 1181 493 Hispanus
1203 423 1260 478 ad
1289 424 1360 477 W·
1412 429 1966 496 rumsGermanorumque
1989 430 2418 496 equites‚eonciona-
2448 430 2532 468 ³“=³‘

1411 491 1662 563 bundusque
1692 497 1895 564 Prfivems
1928 495 2005 545 hos
2045 515 2088 545 m
2121 498 2313 567 praelium
2347 523 2416 552 ac,

1411 562 1616 619 cendebat
1630 599 1641 609 .
1683 567 1826 613 Primo
1847 565 2065 635 congressu
2085 564 2204 617 facile
2228 570 2418 622 Veneto-

1410 649 1510 684 tum
1539 633 1720 701 equestri
1749 634 1810 681 ala
1842 635 2000 703 repulsa
2022 671 2037 692 ,
2070 640 2277 690 Liuianus
2310 645 2418 689 iam..

1409 700 1566 749 collatis
1599 706 1800 772 vtrinque
1843 701 1969 771 signis
2004 741 2017 760 ,
2060 712 2420 779 certaminequea

1409 771 1568 820 iniecto
1580 806 1593 827 ,
1629 773 1864 822 Balleonum
1886 773 2073 822 adextro
2085 794 2331 828 cornucum
2349 799 2421 854 pe,-

1407 838 1550 889 ditum
1586 841 1742 890 robore
1776 845 1819 889 in
1844 841 2030 889 bostium
2064 843 2168 901 latus
2199 848 2381 896 immisit
2404 883 2418 903 ‚

1408 914 1716 980 procurritque
1747 912 1771 959 a
1792 911 1877 958 leua
1909 912 2063 958 eodem
2094 915 2260 983 impetu
2292 925 2417 967 Anto„

1406 980 1495 1026 nius
1516 981 1614 1027 Pius
1639 1019 1647 1028 .
1688 985 1745 1027 At
1767 978 1959 1029 conuersi
1980 979 2144 1034 hosteS,
2181 985 2301 1050 quod
2326 1002 2418 1034 tan-

1408 1062 1556 1116 topere
1581 1053 1847 1117 expetierant
1862 1086 1874 1105 ,
1887 1049 2078 1117 praelium
2092 1050 2304 1120 capessunt
2316 1086 2328 1106 ‚
2343 1071 2419 1121 pu-

1407 1132 1578 1183 gnaque
1601 1120 1740 1164 oritur
1770 1117 1913 1165 statim
1946 1121 2148 1187 vtrinque
2179 1137 2303 1167 atrox
2325 1155 2340 1175 ,
2374 1138 2421 1168 ac

1406 1186 1519 1254 varia
1536 1216 1549 1236 ‚
1587 1190 1630 1228 &
1654 1186 1865 1254 implicita
1881 1221 1894 1241 ‚
1932 1205 2070 1256 quum
2094 1189 2254 1255 pedites
2269 1224 2281 1242 ,
2300 1191 2422 1257 equi-

1405 1249 1550 1318 tesque
1564 1253 1755 1300 immixti
1770 1257 1959 1303 inuicem
1974 1255 2089 1303 nullo
2101 1257 2251 1305 ordine
2263 1276 2419 1326 pugna-

1405 1337 1511 1366 rent.
1521 1321 1684 1368 Tantus
1699 1322 1830 1390 porro
1844 1320 1926 1370 fuit
1938 1326 2208 1373 Venetorum
2220 1329 2419 1395 equitum

1402 1390 1544 1454 grauis
1558 1393 1785 1443 armaturae
1796 1393 1983 1457 impetus
1996 1424 2009 1444 ,
2022 1408 2068 1440 vt
2080 1392 2133 1440 ad
2158 1392 2274 1460 signa
2287 1393 2418 1462 vsque

1401 1461 1647 1505 Germanus
1681 1491 1695 1512 ‚
1732 1456 2031 1526 Hispanusque
2067 1449 2285 1508 bellatores
2328 1462 2420 1510 loco

1400 1523 1610 1574 summoti
1630 1525 1794 1593 trepide
1828 1523 2064 1594 refugerint
2087 1546 2096 1573 :
2135 1528 2275 1598 postea
2297 1527 2420 1578 subsi-

1401 1594 1473 1641 dio
1489 1593 1568 1642 suis
1580 1594 1754 1643 Sabellio
1769 1628 1782 1648 ,
1810 1602 1854 1640 ὃς
1871 1595 2066 1646 Alarcone
2077 1597 2420 1653 aduenientibus,

1400 1662 1632 1730 aequataest
1653 1665 1697 1709 in
1723 1661 1805 1710 hoc
1829 1663 1925 1710 loco
1950 1682 2120 1732 pugna.-
2160 1666 2421 1714 certabatur-

1400 1751 1483 1799 que
1494 1729 1770 1779 acerbissimis
1791 1734 1994 1799 vtrinque
2016 1734 2122 1797 odijs
2138 1768 2150 1787 ,
2177 1751 2330 1781 norant
2351 1754 2418 1783 au-

1401 1816 1489 1846 tem
1517 1798 1652 1848 hostes
1668 1800 1903 1853 ,crudelem
1918 1834 1931 1853 ,
1944 1799 2254 1871 efferatumque
2270 1807 2419 1851 Liuia-

1400 1871 1443 1915 ni
1456 1871 1654 1916 animum
1671 1904 1683 1923 ,
1695 1871 1764 1916 cui
1781 1865 1812 1914 sl
1826 1871 2004 1917 viCtoria
2026 1874 2297 1934 contingeret
2312 1906 2323 1924 ‚
2337 1869 2421 1918 fer-

1402 1955 1449 1984 ro
1461 1954 1608 1984 omnes
1621 1940 1706 1985 eius
1731 1936 1834 1985 iussu
1858 1938 1976 2006 aeque
1997 1937 2132 1986 casuri
2157 1926 2420 2007 elsentzpro-

1401 2007 1496 2053 inde
1519 2005 1699 2072 Hispani
1716 2009 2034 2070 ‚Germanique
2057 2011 2263 2052 acerrime
2287 2008 2418 2053 dimi-

1399 2072 1550 2118 cabant
1565 2103 1577 2121 ‚
1592 2087 1880 2136 praeoptantes
1898 2073 2040 2136 potius
2053 2074 2096 2117 in
2111 2073 2200 2117 acie
2228 2089 2425 2139 pugnan-

1399 2141 1457 2188 do
1469 2141 1611 2192 mori,
1648 2137 1786 2206 quarn
1799 2139 1930 2192 vieti,
1967 2141 2169 2207 captique
2184 2140 2423 2189 indecora-2

1399 2209 1517 2257 ccede
1527 2209 1744 2275 extingui.
1784 2208 1900 2255 Hinc
1914 2212 2121 2257 Liuianus
2145 2210 2189 2256 in
2203 2208 2423 2258 barbaram

1399 2294 1575 2347 gentem
1598 2277 1700 2326 odio
1720 2276 1868 2324 ardens
1883 2311 1896 2330 ‚
1920 2295 2015 2346 quae
2030 2294 2096 2325 tot
2120 2280 2242 2327 annis
2257 2278 2421 2328 Italiam

1400 2346 1493 2397 belli
1523 2346 1638 2394 clade
1665 2342 1872 2394 afflixerat
1904 2380 1918 2401 ‚
1957 2348 2259 2416 Venetamque
2288 2366 2422 2418 nuper

1402 2436 1492 2465 rem
1514 2416 1565 2464 ad
1591 2414 1797 2479 Mestram
1822 2415 1930 2484 pene
1951 2433 2165 2465 euerterat
2180 2452 2192 2472 ,
2229 2417 2419 2466 hosteim

1403 2488 1504 2533 totis
1517 2485 1674 2534 viribus
1688 2483 1889 2534 debellare
1904 2485 2123 2534 nitebatur
2135 2519 2148 2538 ‚
2184 2504 2314 2550 atque
2330 2485 2416 2530 huc

1400 2561 1443 2600 &
1459 2554 1553 2602 illuc
1565 2558 1678 2602 circa
1699 2555 1807 2601 acies
1829 2551 2033 2600 curfitans
2056 2553 2390 2618 &Imperatoris
2406 2585 2416 2603 ‚

1399 2623 1603 2671 &militis
1626 2639 1782 2670 munus
1803 2619 1975 2670 obibat,
2014 2633 2214 2685 tantaque
2235 2620 2319 2665 eius
2334 2615 2415 2667 fuit

1399 2690 1581 2743 ferocia,
1617 2704 1664 2737 vt
1692 2686 1938 2733 summotus
1971 2683 2067 2732 loco
2097 2685 2256 2733 hostilis
2291 2683 2416 2734 cesse-

1399 2763 1455 2806 rit
1467 2759 1705 2825 equitatus:
1744 2755 2095 2820 interimiturque
2116 2757 2230 2802 circa
2253 2751 2411 2822 figna⁴

1397 2833 1433 2874 C
1433 2846 1564 2874 orneus
1575 2825 1782 2891 Hispanus
1795 2841 1894 2869 cum
1906 2822 1994 2869 filio
2005 2822 2268 2871 adolescente
2281 2862 2290 2871 .
2305 2826 2410 2871 Haec

1399 2895 1544 2942 intuiti
1570 2892 1795 2940 Cardonius
1817 2926 1830 2946 ,
1850 2891 2102 2940 &Columna
2124 2895 2169 2940 in
2195 2895 2408 2961 primam.»

1397 2966 1532 3012 aciem
1544 2961 1792 3031 prouolant:
1831 2966 1874 3005 δε
1899 2959 2003 3029 quid
2026 2961 2048 3026 ζ
2067 2963 2271 3029 inquiunt
2293 2969 2304 3020 )
2328 2962 2406 3008 mi.

1398 3033 1489 3082 lites
1514 3067 1527 3087 ‚
1564 3033 1778 3078 Venetum
1800 3030 1922 3076 toties
1955 3028 1979 3077 a
2012 3028 2134 3078 nobis
2165 3032 2329 3079 vic'tum
2354 3032 2409 3075 ti-

1398 3105 1523 3149 metis
1546 3115 1560 3152 ?
1598 3117 1690 3168 quae
1708 3100 1875 3165 ignauia
1897 3110 1912 3149 ?
1948 3101 2045 3167 quis
2066 3117 2199 3168 pauor
2222 3111 2237 3148 ‚2
2272 3097 2407 3144 excla-

1397 3168 1640 3237 mantesque
1651 3167 1808 3216 eodem
1824 3185 2057 3216 momento
2068 3165 2278 3215 Daualum
2303 3167 2405 3231 H‘s-

1387 3256 1540 3306 panum
1562 3272 1575 3292 ‚
1609 3243 1654 3282 δε
1679 3236 1913 3285 lauademn
1937 3241 2189 3284 Germanum
2211 3232 2402 3282 tribunos

1393 3306 1648 3356 fortissimns
1667 3323 1769 3352 cum
1800 3303 2051 3368 subsidiarijs
2074 3301 2306 3372 legionibus
2338 3306 2400 3350 iu-

1389 3376 1489 3423 bent
1509 3379 1555 3424 in
1576 3374 1761 3423 mediam
1794 3376 2065 3422 Venetorum
2084 3376 2218 3421 aciem
2240 3372 2396 3420 irrum-

1389 3463 1512 3513 pere:
1551 3445 1865 3491 horumtantus
1876 3440 2229 3511 fuitimpetu5‚vt
2240 3438 2395 3488 cohors

1387 3512 1562 3563 Pabonis
1584 3512 1789 3579 fBresZ’gellc'
1803 3514 1873 3562 vix
1892 3509 2123 3578 conspecstis
2144 3506 2269 3575 signis
2285 3543 2297 3562 ‚
2310 3526 2394 3556 ter-

1387 3601 1438 3650 ga
1462 3581 1569 3629 hosti
1593 3583 1780 3650 turpiter
1801 3581 1972 3630 verterit
2005 3615 2012 3621 .
2051 3578 2238 3645 Duxque
2267 3577 2391 3645 ipse>

1386 3648 1540 3700 author
1573 3648 1685 3719 fugae
1708 3653 1870 3717 primus
1890 3646 2031 3690 extitit
2065 3679 2078 3698 ‚
2113 3649 2260 3694 coeteri
2292 3647 2390 3696 vero

1386 3736 1599 3787 concepto
1611 3723 1765 3767 timore
1775 3731 1823 3761 ex
1834 3711 2005 3760 &abonis
2017 3709 2115 3781 fuga
2120 3718 2210 3784 ,qui
2224 3718 2286 3764 vir
2299 3735 2391 3763 om·

2204 3802 2326 3831 nium
