2675 3992
242 663 365 698 Eleftus
377 624 497 708 §angit
507 688 514 694 .

416 1187 439 1219 1.

238 1231 366 1266 Turcas
373 1188 471 1263 {iacit
479 1247 491 1259 .

357 1541 451 1575 XII.

237 1587 358 1621 Mors.

340 1900 455 1934 XIII.

231 1945 290 1978 Pro
299 1941 424 1985 hostibus
431 1950 520 1985 rogat
529 1940 538 1974 .’
556 1916 562 1919 -

954 211 1228 275 Albertus
1252 209 1316 274 II.
1331 204 1712 275 Honorificus
1726 258 1740 272 .
1764 209 1974 292 Imper.
1987 204 2038 269 X
2051 203 2098 270 L
2111 205 2151 268 Ι.

882 316 1133 380 Septemviri
1154 332 1203 363 ro
1234 316 1294 360 ari
1318 311 1453 367 soliti,
1475 316 1511 361 A
1524 318 1559 362 L
1572 317 1603 360 B
1614 318 1647 362 E
1660 319 1698 364 R
1710 315 1751 360 T
1762 315 1802 359 V
1815 316 1868 359 M
1888 326 2094 379 rogarunt

991 381 1125 429 Fasces
1146 333 1368 451 suffiiperm
1391 384 1585 450 Hungari
1609 382 1707 431 veri)
1728 379 1936 450 despicere
1950 413 1964 433 ‚

809 448 1009 519 Zelotypi
1030 468 1083 498 ne
1107 455 1271 520 Regem
1290 454 1535 498 amitterent
1558 485 1571 504 ,
1596 448 1627 497 fi
1647 449 1855 499 Caesarem
1878 449 2155 496 admitterent

1046 523 1209 567 Annuit
1241 522 1279 565 A
1293 523 1327 567 L
1339 523 1370 566 B
1383 523 1415 566 E
1426 523 1467 568 R
1478 521 1519 565 T
1531 520 1568 563 V
1583 523 1607 565 S
1637 519 1905 587 Septemviris
1919 550 1933 570 ‚

922 588 1134 656 Imperare
1156 588 1288 637 voluit
1308 585 1378 637 sed
1400 585 1498 644 fibi;
1524 588 1754 656 imperium
1779 584 2021 632 renuendo·

1033 656 1183 705 Aiebat
1196 692 1208 709 ,
1232 673 1355 705 metuo
1376 658 1529 704 maiora
1551 658 1705 704 meritis
1732 653 1903 721 poffidere
1915 687 1930 708 ,

1144 731 1202 773 Ec
1221 726 1263 772 in
1284 724 1418 787 castris
1438 744 1512 772 non
1531 723 1668 771 audire
1688 723 1810 773 choros
1827 759 1836 768 .

1199 793 1365 859 Dignus
1386 793 1576 859 Principe
1596 806 1733 838 metus
1746 824 1759 844 ,

1123 864 1192 908 Ne
1211 861 1321 907 inter
1340 862 1452 907 Deos
1472 860 1652 912 omittat
1668 861 1806 908 Deum
1821 895 1831 904 ,

1079 927 1226 997 Populi
1258 925 1450 997 plausum
1481 927 1579 973 exce
1614 930 1645 973 it
1676 926 1873 998 planstu5

877 995 1002 1042 foelix
1025 990 1197 1044 seruitus
1214 1029 1227 1049 ‚
1247 993 1317 1044 vbi
1338 994 1568 1054 dorm-{num
1581 946 1845 1062 lacrymatur
1867 1008 1946 1059 pro
1966 990 2087 1039 seruo

1011 1063 1157 1136 Qam
1175 1065 1266 1132 pius
1287 1060 1441 1113 fuerit?
1463 1060 1536 1113 res
1559 1064 1619 1111 ice
1641 1064 1949 1131 lacrymantem

1329 1129 1475 1201 Qam
1531 1134 1634 1183 ortis

1006 1203 1268 1252 Amurachem
1287 1198 1374 1249 solo
1397 1215 1554 1250 terrore
1579 1201 1766 1249 nominis
1791 1195 1950 1265 expulit

958 1271 1009 1317 In
1037 1273 1300 1320 Pannoniam
1311 1269 1427 1317 venit
1441 1301 1455 1322 ‚
1474 1268 1582 1316 vidit
1607 1304 1620 1324 ,
1643 1272 1884 1316 Turturum
1910 1268 2003 1313 Rex

1210 1337 1581 1385 ALBERTVS
1617 1339 1745 1386 vicit.

1080 1411 1273 1455 Fortunae
1295 1404 1356 1451 ille
1380 1403 1597 1452 diffideret
1612 1439 1625 1458 ,
1647 1404 1712 1454 vel
1733 1400 1888 1457 causae‚

1042 1475 1196 1522 Maluit
1239 1489 1354 1542 terga
1385 1471 1482 1521 dare
1520 1506 1534 1527 ‚
1568 1471 1702 1543 quam
1734 1474 1878 1540 petitus
1893 1507 1903 1516 .

1011 1545 1132 1592 Mors
1176 1559 1319 1592 tamen
1358 1547 1402 1589 δε
1443 1543 1560 1591 Mars
1588 1557 1740 1609 agnata
1776 1540 1953 1586 nomina

1063 1611 1281 1659 Reducem
1302 1610 1483 1657 extinxit
1504 1611 1549 1656 in
1571 1607 1662 1660 sinu
1683 1609 1872 1657 vidioriae
1887 1644 1896 1654 .

865 1677 991 1727 Nulla
1011 1677 1140 1726 arbor
1161 1675 1320 1726 facilius
1341 1677 1536 1726 inseritur
1555 1676 1672 1724 lauro
1685 1711 1698 1731 ‚
1721 1674 1853 1745 quam
1874 1672 2081 1744 cupressus
2098 1716 2109 1729 .

1043 1745 1132 1794 Di&
1154 1764 1297 1794 tamen
1318 1749 1470 1796 viuunt
1492 1778 1505 1799 ,
1528 1748 1603 1814 qui
1625 1747 1718 1793 Deo
1739 1747 1890 1794 viuunt
1908 1777 1921 1798 ,

858 1818 912 1863 Et
933 1816 978 1862 in
997 1813 1193 1864 saeculum
1211 1815 1445 1883 explicatur
1465 1812 1688 1882 Olympias
1702 1847 1715 1867 ‚
1738 1811 1769 1859 fi
1790 1814 1870 1881 prb
1890 1811 2109 1881 Olympo,

1162 1883 1356 1938 Cecidit,
1381 1890 1424 1929 &
1447 1880 1571 1930 simul
1594 1884 1757 1929 caecinit
1769 1915 1784 1936 ,

1196 1956 1277 2002 Pro
1312 1949 1498 2003 hostibus
1534 1950 1726 2018 rogando
1740 1987 1750 1998 .

959 2023 1051 2068 Nec
1071 2019 1149 2069 alia
1168 2023 1301 2090 quam
1322 2018 1481 2067 Christi
1501 2035 1668 2088 poterat
1689 2017 1808 2066 obire
1829 2035 1971 2067 morte
1984 2053 1999 2074 ‚

1171 2091 1261 2157 Qi
1283 2086 1445 2137 Christi
1465 2092 1601 2137 vitam
1619 2086 1746 2151 subijt
1762 2126 1771 2135 .

1012 2160 1088 2204 Par
1109 2155 1185 2205 fibi
1205 2174 1292 2205 non
1316 2155 1470 2204 habens
1492 2158 1537 2201 in
1558 2154 1724 2201 mundo
1744 2169 1954 2221 regnum,

922 2224 1147 2272 Meliorem
1169 2222 1360 2292 quaesiuit
1383 2226 1427 2272 in
1447 2220 1571 2268 Coelo
1588 2221 1737 2265 Vitam
1750 2254 1763 2274 ‚
1786 2227 1829 2265 δε
1844 2223 1997 2269 vittam
2011 2222 2025 2268 ζ

1124 2294 1268 2340 Foenix
1289 2290 1395 2338 dum
1417 2290 1604 2335 moritur
1621 2321 1635 2340 ,
1657 2288 1820 2342 oritur,

922 2363 1041 2410 Dum
1062 2363 1172 2429 perit
1185 2395 1199 2415 ,
1219 2360 1333 2425 parit
1346 2390 1360 2409 ,
1380 2353 1596 2421 trahitque
1617 2373 1667 2401 ex
1687 2350 1834 2403 funere
1856 2353 1996 2407 foenus
2009 2395 2022 2409 2

871 2669 1144 2718 Monetam
1156 2651 1348 2710 Alberti
1358 2656 1432 2710 II.
1445 2655 1677 2731 Imperat.
1692 2666 1764 2721 ἐφ’
1777 2653 2024 2729 Symbola
2034 2699 2053 2725 ‚

994 2737 1000 2741 ’
1252 2734 1394 2799 vide
1415 2752 1552 2818 pag.
1567 2732 1681 2818 seq.

2117 3713 2321 3781 cATfi

2401 307 2473 343 Sal.
2480 309 2572 342 Ann.

2458 1608 2538 1644 1439
