2675 3992
205 1089 232 1119 S
226 1044 369 1130 ymTliolo-

205 1139 276 1163 rum
286 1137 378 1169 origo·

221 3543 378 3621 Nitida-s

221 3637 311 3673 quem
337 3624 388 3667 sa-

363 3667 381 3674 η

222 3678 285 3702 ctat
294 3669 386 3708 Rege.

471 205 550 260 ΖΟ

397 310 413 338 1
431 308 446 336 1
458 324 467 333 .
487 288 788 355 Venusgemina
801 305 814 331 .·
832 286 942 331 anin
955 289 1035 332 Deo
1050 322 1059 333 .

712 185 937 250 Alberti
950 183 975 246 1
988 182 1028 245 1.
1041 180 1180 246 Vita
1191 181 1492 269 Symbolis
1505 197 1773 248 exarata.
1788 185 2011 270 imper.
2024 183 2077 248 X
2091 185 2137 249 L
2152 188 2189 248 Ι.

1512 285 1618 335 duca
1627 286 1813 355 felicitas
1828 321 1840 340 ‚
1851 286 2077 353 fflmbolum
2094 324 2102 333 .

397 377 413 406 1
428 352 722 404 2.Pulchricud0
738 373 809 400 non
817 352 934 420 potest
941 355 1068 422 pingi.
1081 376 1094 403 1
1107 352 1277 413 4.index
1292 351 1394 400 boni.
1447 374 1470 403 2
1480 373 1523 400 0.
1537 359 1632 402 Lex
1643 357 1810 422 antiqua
1825 356 1893 403 vbi
1909 359 2062 423 repofita
2076 392 2085 403 ‚
2123 359 2154 400 S
2156 371 2207 399 an
2214 352 2281 400 {ba
2295 391 2304 400 .

396 446 414 474 1
432 450 469 492 3.
483 422 632 489 Apellis
657 423 825 469 vanitas
845 457 853 468 .
1043 472 1045 475 ,

398 514 414 542 1
426 518 470 557 4.
484 489 741 543 Horticulam
755 489 803 557 cg}
819 493 965 555 Regem
967 486 1124 557 faceret
1147 488 1391 538 Alexander.

399 583 416 610 1
426 586 470 623 4.
485 562 597 606 Picta
594 577 688 627 gorae
699 575 855 624 quanta
862 556 1104 624 pulchritudo
1116 594 1124 603 .

399 650 415 677 1
430 643 469 681 6.
484 623 688 693 Defhrmes
703 625 838 674 refesti
848 643 875 672 a
890 624 1132 694 Phthsbphiae
1145 624 1278 688 studio
1293 663 1301 671 .
1322 647 1336 676 1
1348 645 1389 684 4.

452 697 659 764 pracipites
669 692 757 743 dati
769 693 1019 762 dspartantis
1038 730 1047 742 .

1445 444 1468 470 2
1481 444 1495 470 1
1509 460 1517 469 .
1539 427 1641 488 Legi
1651 421 2033 488 obstruataefi‘uflus.
2426 466 2433 469 γ.

1444 510 1515 539 22..
1532 490 1710 564 ssibliam
1722 490 1890 558 sacram
1905 495 2048 557 quoties
2069 495 2162 550 &x
2188 488 2377 556 Alfonfits
2388 492 2441 540 le-

1442 646 1465 673 2
1477 574 1723 684 fizi’tlicitas
1733 625 2274 692 humanafallaxsymbola
2297 666 2306 674 .

1442 714 1513 751 24.
1539 698 1723 759 Regnum
1729 714 1851 758 graue
1857 693 2006 761 pondus
2019 728 2030 738 .
2047 715 2070 741 2
2078 715 2099 755 5
2110 732 2117 740 .
2122 693 2275 760 fallax
2288 695 2440 745 bonum.

403 789 418 816 1
429 783 454 823 7
466 802 474 810 .
489 761 639 811 Alberti
654 765 700 807 ΙΙ
705 799 713 808 .
727 761 923 830 elegantia
935 779 1107 829 corporea
1113 761 1303 826 symbolis
1316 781 1388 810 ex-
1456 782 1478 808 2
1488 771 1527 807 6.
1541 761 2025 830 Adalogranatumfigura
2035 763 2182 830 imperzj
2194 800 2205 810 .

458 831 634 902 plicata.
653 849 724 878 20.
743 831 934 897 religionis
943 828 1173 895 sjmbolum
1187 867 1196 877 .
1227 850 1299 890 23.
1324 849 1390 878 ca-
1457 849 1528 888 27.
1543 829 1964 898 Qietissj'mbolam.

792 935 1319 993 CORPORIS
1386 933 2043 985 ELEGA‘NTJA.

522 1038 613 1085 Vm
626 1034 755 1085 veluti
768 1038 879 1084 inter
897 1033 1035 1084 Orbes
1061 1036 1191 1082 Titan
1215 1037 1394 1082 maiores

398 1044 519 1177 C
533 1106 636 1153 astra
646 1103 889 1175 splendeant
902 1102 1118 1155 Austriaca
1132 1121 1142 1146 :
1156 1100 1395 1156 sublimiori

396 1177 590 1244 quodam
624 1172 731 1241 stylo
777 1190 928 1221 eorum
961 1169 1085 1219 fastos
1136 1172 1359 1240 aggredior
1382 1204 1395 1224 ,

397 1246 686 1312 Egyptiorum
700 1259 974 1308 more‚quem
987 1244 1174 1290 Romam
1186 1240 1282 1288 lunt
1296 1257 1372 1287 mu

398 1304 503 1359 tuati
524 1309 744 1379 sequentes
769 1344 782 1364 ‚
793 1313 926 1376 sacris
945 1308 1159 1356 exarando
1180 1309 1393 1375 fitilptaris

396 1382 419 1445 (
430 1383 487 1426 ita
498 1394 800 1447 nuncuparunt
815 1376 1002 1426 Chaldaei
1023 1380 1124 1438 )nec
1136 1393 1241 1425 voto
1255 1377 1393 1425 diuer-

395 1448 464 1505 so‚·
483 1467 529 1496 vt
542 1447 643 1500 hinc
654 1446 804 1515 vulgus
818 1464 1033 1493 arceamus
1046 1443 1340 1512 prophanum,
1351 1451 1395 1490 &

395 1515 584 1585 religiosa
601 1550 613 1577 2
637 1525 647 1565 (
661 1534 756 1583 quae
767 1512 798 1561 fi
810 1515 952 1562 diuina
964 1532 1016 1583 ap
1022 1512 1171 1583 pellare
1184 1531 1271 1561 non
1282 1512 1396 1561 susti-

394 1603 467 1636 nes
481 1620 494 1639 ‚
519 1603 596 1632 nec
608 1581 670 1632 fas
685 1581 743 1630 est
754 1583 893 1631 dicere
906 1582 1094 1629 humana
1116 1583 1136 1645 )
1158 1580 1395 1629 Austriaco-

394 1671 494 1706 rum
505 1651 721 1707 Caesarurn
763 1650 844 1702 esta
856 1685 871 1705 ,
895 1650 988 1699 velo
1001 1649 1190 1718 quodam
1201 1649 1394 1697 exhibea.

394 1739 491 1774 mus
500 1719 690 1769 inuoluta
703 1753 717 1773 ‚
733 1671 820 1774 {ne
834 1738 922 1788 quo
932 1721 1156 1765 attreotare
1167 1718 1308 1765 sancita
1319 1738 1391 1765 eo-

396 1808 495 1840 rum
505 1788 673 1857 Religio
694 1786 891 1856 prohibet
907 1825 916 1833 .
939 1791 992 1839 Et
1012 1788 1208 1856 quamuis
1229 1789 1392 1842 nemini

395 1858 546 1906 datum
558 1862 601 1906 in
616 1858 781 1906 Caelum
795 1874 841 1904 os
855 1873 1015 1924 ponere
1029 1860 1041 1908 ,’
1062 1872 1135 1909 nec
1145 1853 1248 1910 astra
1268 1855 1393 1904 dinu-

395 1944 561 1975 merare
574 1961 589 1981 ,
609 1924 727 1994 quod
746 1924 832 1993 ipsa
852 1922 929 1973 fibi
950 1922 1086 1973 obstet
1107 1924 1390 1992 magnitudo:

394 1991 551 2047 faciam
596 1994 680 2043 uod
700 1994 756 2048 de
778 2011 958 2061 antiquo
979 1996 1283 2047 Romanorum
1303 1994 1392 2040 Im-

395 2066 514 2130 perio
524 2015 666 2115 Εἶναι
678 2096 692 2117 ,
712 2065 757 2109 in
779 2062 896 2111 breui
917 2058 1036 2135 quasi
1060 2059 1203 2108 tabella
1217 2078 1392 2116 eorum..

395 2129 616 2198 instar,qui
629 2133 673 2179 in
685 2149 843 2200 mappa
852 2129 953 2177 situs
966 2132 1152 2206 pingunt
1166 2146 1393 2182 terrarum,

397 2214 533 2245 totam
545 2215 697 2249 eorum
714 2198 947 2265 ampledhr
967 2201 1225 2266 imaginem.
1251 2199 1392 2248 Etiam

392 2264 608 2333 Astrologi
620 2263 848 2312 Astrorum
860 2283 1032 2312 arenam
1046 2280 1300 2333 praetcreunt
1313 2296 1326 2316 ,
1348 2269 1392 2309 δέ

395 2337 442 2382 in
459 2332 858 2382 Constellationibus
879 2350 944 2380 eas
971 2333 1118 2381 vident
1154 2367 1168 2387 ,
1209 2349 1303 2399 quae
1323 2329 1391 2376 ab·

393 2401 539 2451 scondi
552 2420 639 2449 non
653 2398 820 2470 poffunt
842 2405 1041 2449 ‚Summa
1061 2400 1210 2464 sequar
1232 2396 1392 2464 fastigia

393 2489 538 2519 rerum
555 2504 568 2524 ‚
605 2469 788 2517 &veluti
811 2486 884 2534 per
907 2464 1096 2533 exempla
1122 2498 1135 2518 ,
1159 2463 1395 2530 Imperialis

394 2542 493 2589 vitae
503 2553 709 2606 praecepta
722 2551 965 2604 proponam
979 2571 988 2579 .
1026 2530 1198 2579 Discam
1216 2566 1228 2585 ‚
1266 2536 1310 2577 δέ
1322 2532 1396 2580 do-

396 2625 536 2654 ceam.
576 2604 740 2673 Aliquis
751 2608 866 2650 enim
877 2600 1043 2668 semper
1065 2603 1132 2650 vir
1149 2600 1288 2649 bonus
1314 2619 1392 2648 no.

397 2673 460 2723 bis
470 2672 679 2743 eligendus
691 2671 749 2719 est
765 2705 779 2725 ,
815 2689 861 2723 ac
876 2669 1039 2737 semper
1052 2685 1151 2717 ante
1163 2668 1307 2716 oculos
1320 2667 1393 2715 ha-

397 2742 558 2791 bendus
570 2775 585 2796 ,
619 2757 665 2789 vt
678 2737 734 2787 fic
747 2738 955 2808 tanquam
977 2735 1297 2806 illospestante,
1333 2740 1394 2785 vi-

401 2828 549 2861 uamus
563 2846 576 2866 ‚
612 2815 655 2855 &
671 2806 877 2876 tanquam
890 2805 958 2853 illo
974 2806 1142 2855 vidente
1166 2802 1369 2853 faciamus
1384 2843 1392 2852 .

402 2876 633 2929 Custodem
657 2875 804 2929 nobis,
839 2881 883 2920 δε
905 2875 1187 2944 Paedagogum
1207 2878 1394 2921 Seneca„

347 2997 351 3002 ,
368 2950 383 2956 ’
402 2946 531 2996 dedit:
542 2963 642 2993 nam
656 2948 814 3013 Magna
827 2961 918 3011 pars
931 2960 1204 3012 peccatorum
1218 2941 1396 2996 tollitur,

335 3037 345 3044 ·
402 3012 434 3062 fi
445 3016 678 3083 peccaturis
692 3011 800 3063 testis
810 3009 971 3060 adfistat
987 3050 996 3058 .
1025 3010 1226 3079 Aliquem
1249 3008 1395 3059 habeat

402 3086 567 3130 animus
582 3116 595 3136 ‚
631 3099 762 3154 quem
773 3096 965 3132 vereatur
979 3114 991 3134 ‚
1012 3083 1128 3127 cuius
1139 3081 1392 3137 auctoritate

403 3148 533 3197 etiam
543 3150 750 3198 secretum
760 3147 882 3197 suum
894 3146 1073 3195 sanctius
1095 3143 1243 3195 faciat.
1267 3152 1395 3216 Opus

403 3218 462 3265 est
476 3253 488 3272 ,
522 3219 574 3266 ad
585 3236 712 3286 quem
738 3234 878 3265 mores
900 3214 1030 3264 nostri
1049 3213 1177 3285 seipsi
1199 3219 1368 3284 exigant
1384 3255 1393 3264 .

406 3284 502 3336 Nisi
521 3287 574 3334 ad
597 3285 812 3353 regulam,
846 3302 973 3353 praua
986 3302 1073 3332 non
1096 3287 1306 3352 corriges,
1346 3287 1396 3332 In

407 3353 528 3402 testes
551 3357 694 3421 itaque
708 3387 722 3407 ,
744 3360 788 3400 ὃς
809 3351 999 3400 censores
1029 3356 1129 3401 vitae-
1150 3355 1395 3417 Principum

404 3421 583 3471 exhibeo
593 3420 773 3470 Caesares
786 3457 798 3477 ,
819 3438 1003 3487 quarum
1016 3425 1166 3470 Forma
1178 3420 1237 3469 vel
1252 3423 1398 3490 primo

405 3491 572 3562 aspestu
582 3524 598 3545 ,
629 3488 780 3555 dignos
800 3487 958 3534 indicat
978 3490 1161 3556 imperio
1175 3526 1184 3534 .
1220 3490 1393 3536 Facino-

406 3561 490 3612 rofi
501 3594 514 3615 ‚
550 3557 735 3610 tumidi,
753 3554 930 3604 brutales
943 3554 1030 3602 esto
1050 3553 1230 3613 subditi;
1268 3556 1393 3603 talem

406 3629 524 3682 vobis
534 3631 699 3695 Regem
711 3641 857 3672 natura
880 3619 1044 3692 profert
1060 3659 1072 3676 ,
1107 3639 1153 3672 vt
1174 3621 1296 3671 bruta
1308 3623 1392 3693 ipsa

1448 1034 1640 1103 respuere
1653 1054 1738 1086 non
1752 1034 1933 1087 debeant
1943 1059 1970 1090 ,·
1993 1051 2071 1081 nec
2084 1034 2267 1082 audeant
2281 1075 2290 1084 .
2314 1039 2446 1085 Primi

1449 1104 1634 1173 namque
1645 1104 1895 1153 mortalium
1909 1137 1924 1158 ‚
1960 1105 2119 1171 quique
2132 1123 2182 1150 ex
2202 1103 2265 1150 his
2286 1108 2446 1172 geniti,

1449 1189 1645 1223 naturam
1659 1174 1900 1240 incorrupti
1920 1169 2203 1239 sequebantur
2216 1206 2228 1225 ‚
2249 1174 2446 1221 eamdem
2462 1212 2465 1213 ν

1448 1239 1658 1289 habebant
1683 1248 1724 1287 ὃς·
1737 1242 1889 1288 ducem
1915 1274 1929 1294 ,
1964 1240 2155 1307 &legem
2179 1274 2192 1293 ,
2226 1243 2445 1291 commiffi

1448 1309 1633 1357 melioris
1656 1309 1834 1357 arbitrio
1850 1346 1858 1355 .
1900 1312 2074 1356 Natura:
2085 1327 2187 1356 cum
2200 1306 2251 1356 fit
2265 1313 2446 1378 potiori-

1448 1376 1524 1425 bus
1537 1379 1748 1432 deteriora
1760 1376 2012 1425 iub-mittere
2025 1410 2039 1429 ,
2057 1380 2189 1422 mutis
2201 1379 2332 1430 etiam
2352 1397 2447 1445 gre-

1451 1445 1571 1509 gibus
1585 1444 1701 1514 figna
1712 1444 1895 1495 contulit
1908 1442 2132 1500 maiestatis
2146 1479 2158 1499 ,
2181 1464 2231 1492 ne
2246 1446 2446 1492 tumida„

1449 1500 1708 1562 decertarent
1725 1516 1903 1582 quinam
1918 1510 2213 1580 praeeffent,vel
2226 1513 2447 1582 sequeren-

1451 1600 1532 1629 tur.
1548 1587 1651 1631 Non
1666 1581 1866 1651 praecedit
1879 1598 2071 1628 armenta
2084 1581 2266 1649 degener
2279 1600 2418 1631 taurus
2435 1618 2448 1638 ,
2483 1576 2610 1652 5233„

1450 1650 1521 1699 sed
1535 1654 1611 1718 qui
1625 1651 1920 1718 magnitudine
1935 1684 1948 1704 ,
1984 1667 2031 1696 ac
2046 1652 2150 1696 toris
2174 1668 2343 1699 caeteros
2356 1671 2447 1700 ma-
2479 1644 2630 1700 corpoms'

1450 1737 1512 1766 res
1523 1723 1657 1767 vincit
1672 1758 1681 1767 .
1694 1717 2027 1786 Elephantorum
2049 1736 2221 1786 gregem
2234 1719 2448 1775 excelsifii==
2463 1711 2621 1786 {lxss'rffi'

1449 1805 1544 1838 mus
1557 1789 1692 1837 ducit.
1709 1787 1958 1843 Volatilium
1983 1785 2207 1856 phalanges
2220 1789 2375 1858 Aquila
2384 1789 2449 1836 di-

1450 1859 1552 1925 rigit
1571 1896 1578 1904 .
1598 1856 1829 1912 ‘Astrorum
1855 1873 2014 1902 turmas
2032 1854 2202 1903 Phaebus
2215 1857 2424 1905 illuminat
2437 1897 2446 1905 .

1516 1930 1716 1981 Summus
1729 1923 1791 1972 ille
1815 1941 1958 1979 rerum
1971 1920 2132 1991 Opifex
2146 1959 2159 1979 ,
2170 1944 2272 1973 cum
2285 1930 2450 1994 Regem

1451 1993 1625 2060 plasmat
1641 2028 1654 2047 ‚
1679 1992 1850 2062 fignum
1872 1989 2095 2038 maiestatis
2118 2027 2132 2046 ‚
2153 2010 2325 2041 externa
2345 2011 2449 2040 con-

1451 2063 1625 2119 decorat
1635 2063 1837 2128 elegantia
1852 2094 1866 2114 ,
1889 2077 1982 2125 quae
1994 2058 2079 2105 sola
2090 2061 2268 2127 vulgum
2281 2059 2450 2130 prensat

1453 2133 1495 2178 in
1508 2130 1567 2177 sui
1580 2131 1707 2196 Regis
1719 2127 1971 2195 obsequium
1985 2164 1995 2171 .
2015 2129 2178 2194 Regem
2201 2129 2446 2195 postulanti-

1453 2197 1528 2253 bus
1551 2196 1743 2252 Haebreis
1757 2229 1771 2249 ‚
1791 2194 1956 2241 Saulem
1976 2193 2164 2260 designat
2201 2199 2414 2244 Dominus
2435 2220 2450 2255 ·;

1460 2289 1474 2314 1
1487 2271 1659 2331 ,Regum
1672 2283 1715 2318 9.
1729 2264 1847 2309 cuius
1860 2261 2163 2329 praeeleetionis
2181 2262 2350 2331 fignum
2365 2264 2446 2314 hoc

1452 2348 1587 2379 vnum
1602 2327 1836 2398 fuitsoeties
1847 2332 1980 2377 decora
1993 2366 2002 2376 .
2017 2329 2108 2376 Saul
2121 2330 2265 2380 elec‘ias
2278 2368 2291 2387 ‚
2312 2333 2370 2395 (ᾤ’
2384 2333 2447 2383 bo-

1446 2400 1594 2459 min&
1604 2419 1677 2445 non
1689 2416 1772 2445 erat
1785 2401 1850 2444 vir
1862 2396 1908 2443 de
1908 2397 2007 2465 filijs
2019 2402 2042 2443 l
2039 2399 2144 2461 srael
2155 2401 2288 2449 melior
2302 2402 2381 2450 illo:
2398 2402 2448 2450 ab

1445 2466 1599 2515 humero
1614 2501 1627 2520 ,
1650 2467 1707 2527 (ᾤ’
1708 2470 1747 2534 s
1737 2468 1872 2533 urfiaem
1883 2466 2077 2514 eminebat
2086 2468 2201 2536 saper
2212 2490 2366 2517 omnem
2375 2489 2442 2537 po-

1439 2535 1595 2604 pulum.
1610 2535 1772 2582 Elmstus
1787 2534 1854 2580 hic
1868 2534 2130 2589 dicitur,non
2143 2535 2277 2586 solum
2290 2542 2364 2606 qui
2378 2543 2444 2586 in-

1447 2620 1563 2650 terna
1584 2604 1739 2659 mentis
1762 2601 1997 2672 praestantia
2011 2638 2023 2657 ,
2046 2603 2114 2651 sed
2134 2609 2266 2653 etiam
2288 2610 2363 2675 qui
2375 2626 2444 2653 ex-

1447 2688 1565 2718 terna
1578 2673 1771 2740 corporis
1783 2669 1983 2738 elegantia
1995 2671 2174 2722 florescit
2190 2712 2198 2721 .
2212 2675 2443 2744 Vtraque>
2526 2693 2566 2724 v.

1444 2742 1560 2795 enim
1580 2738 1715 2786 amice
1736 2738 1981 2807 conspirant
1995 2773 2009 2794 ,
2029 2741 2120 2790 imo
2141 2746 2295 2810 prioris
2314 2761 2439 2811 argu-
2451 2735 2611 2818 ίξξζξζνζζι

1445 2825 1642 2855 mentum
1655 2807 1862 2876 posterior
1873 2804 1943 2855 est.
1958 2811 2152 2857 Exterior
2164 2815 2351 2881 corporis
2364 2811 2438 2858 ha-
2456 2818 2519 2862 aex
2543 2830 2623 2851 men-

1444 2875 1554 2924 bitus
1567 2877 1692 2925 index
1705 2877 1763 2924 est
1775 2878 1984 2923 interioris
1999 2912 2011 2932 ,
2033 2878 2141 2926 vnde
2154 2897 2326 2948 prauam
2339 2914 2352 2933 ,
2373 2879 2437 2929 vel
2457 2868 2511 2891 '¹⁸'

1445 2947 1606 2993 re&am
1628 2944 1763 3015 poscis
1789 2962 1959 3012 arguere
1971 2952 2168 2995 mentem
2187 2984 2196 2993 .
2234 2949 2349 2994 Patet
2372 2947 2441 2995 in.'.

1445 3014 1493 3060 V
1483 3016 1606 3063 atinio
1622 3049 1635 3068 ,
1671 3017 1713 3062 in
1737 3032 1827 3082 quo
1850 3012 1947 3060 teste
1970 3017 2121 3063 Tacito
2142 3015 2294 3063 Annal.
2317 3039 2329 3064 1
2344 3039 2384 3080 5.
2398 3024 2440 3062 &

1447 3081 1604 3129 Velleio
1620 3081 1833 3130 Paterculo
1846 3081 1913 3129 lib.
1925 3105 1939 3131 1
1955 3097 2026 3131 .c.6
2037 3102 2077 3137 9.
2090 3079 2336 3131 deformitas
2349 3103 2441 3132 cor-

1448 3153 1564 3221 poris
1575 3169 1677 3198 cum
1690 3142 2146 3219 turpitudine?certabat¹
2155 3145 2327 3218 ingenij:
2339 3154 2444 3200 adeo

1449 3235 1494 3268 vt
1510 3222 1677 3266 animus
1689 3221 1776 3267 eius
1787 3220 2037 3285 dignissimo
2061 3217 2281 3267 domicilio
2304 3220 2435 3268 inclu-

1449 3286 1513 3335 sus
1526 3289 1739 3336 videretur
1752 3325 1761 3334 .
1799 3291 1901 3334 Non
1914 3285 2122 3332 diffimilis
2135 3287 2310 3335 Vatinio
2331 3290 2437 3337 Peli-

1443 3376 1544 3423 gnus
1556 3353 1638 3403 fuit
1652 3390 1665 3410 ,
1687 3356 1851 3422 ignauia
1862 3355 1994 3399 animi
2008 3386 2021 3407 ‚
2032 3360 2074 3399 &
2086 3354 2138 3402 de
2150 3355 2327 3405 ridiculo
2341 3375 2436 3404 cor-

1448 3442 1554 3491 pore
1576 3427 1692 3470 iuxta
1706 3421 2014 3489 despiciendus.
2052 3426 2266 3470 Socratem
2289 3423 2437 3489 {iobij-

1448 3495 1528 3537 cias
1540 3508 1710 3545 externa
1718 3488 1848 3556 specie
1859 3484 2135 3544 faedissimum
2150 3490 2370 3540 hominem
2384 3493 2435 3540 si-

1448 3561 1528 3604 mis
1541 3556 1709 3605 naribus
1722 3590 1736 3610 ‚
1758 3555 1915 3604 recalua
1928 3555 2069 3606 fronte
2082 3592 2095 3612 ‚
2118 3557 2255 3626 pilofis
2284 3560 2435 3608 hume-

1446 3627 1500 3672 ris
1513 3657 1527 3679 ,
1547 3624 1738 3694 repandis
1760 3623 1947 3673 cruribus
1962 3661 1976 3682 ,
1996 3643 2042 3676 vt
2065 3630 2235 3674 testatur
2257 3631 2433 3677 Hieron.

2300 3698 2369 3748 lib.
