2675 3992
603 246 834 309 Catena
847 234 1160 301 Historica.
1205 236 1331 300 Lib,
1374 234 1565 298 XLIII.
1609 237 1763 321 Cap.
1778 235 1867 300 111.

2088 252 2212 312 209

37 372 205 406 saldan.
219 360 271 405 tit
285 394 294 403 ,
317 353 492 402 Miserat
502 353 540 399 ei
552 341 746 398 Pontifex
756 339 946 408 diploma
968 339 1103 385 aureis
1124 357 1220 385 exa-
1275 345 1319 383 &
1334 336 1483 383 auxilia
1496 336 1559 397 alij
1584 338 1704 383 citius
1718 337 1806 401 ,alij
1823 335 1979 385 tardius
1989 335 2289 402 aduentarent)
2316 346 2480 381 Satorum

36 417 131 451 1508.

219 491 455 546 nabat,non
466 488 583 536 aliter
601 477 736 549 quam
757 475 970 525 flauream
987 477 1073 522 eIus
1094 479 1223 543 capiti

218 558 476 630 imposuisset
490 566 696 601 coronam
709 568 722 604 ς
742 566 794 595 eo
806 563 912 595 voto
927 544 979 592 ne
990 561 1091 590 cum
1102 561 1224 592 exer-

219 634 311 679 citu
324 629 488 678 vlterius
513 618 887 668 tenderet,verens
911 632 961 660 ne
972 615 1226 680 antiquum.»

222 697 390 746 inItalia
407 696 469 738 ius
490 686 709 756 imperiale
721 700 927 752 repeteret
941 720 950 728 .
991 685 1097 729 Non
1121 698 1225 728 con-

220 780 354 816 tentus
362 755 701 806 Maximilianus
714 788 727 807 ,
746 750 947 822 progredi
959 769 1061 797 cum
1072 751 1228 795 exerci-

219 851 265 880 tu
279 829 436 898 placuit
450 865 459 874 .
482 829 592 873 Mox
614 821 832 891 assumptis
853 820 997 868 lecum
1018 818 1086 866 sex
1110 817 1229 886 pedi-

219 916 314 946 tum
325 895 529 949 millibus,
541 897 586 941 in
598 897 763 941 Carnos
774 889 814 938 se
826 888 1229 955 conuertit‚reliquis

217 969 350 1035 copijs
374 966 426 1015 ad
448 963 709 1012 Tridentum
730 962 951 1028 expectare
975 958 1115 1006 iussis.
1141 957 1231 1025 Qi

217 1037 424 1105 praemiffi
435 1034 614 1084 erant,in
628 1029 728 1078 valle
742 1028 1001 1081 Caduriana,
1017 1023 1232 1074 castellum

255 1104 442 1153 uoddam
453 1100 506 1148 ad
520 1099 682 1146 Plauim
692 1094 881 1147 fluuium
894 1130 908 1151 ‚
920 1094 1003 1145 vna
1015 1114 1117 1143 cum
1131 1112 1234 1161 prae-

217 1125 335 1222 pecto
347 1173 514 1218 Veneto
526 1174 635 1215 Petro
656 1166 790 1233 Ghtfio
813 1184 960 1234 cepere
972 1187 984 1223 3
1009 1167 1234 1212 [Maximi-

216 1241 352 1289 [ianas
377 1237 463 1308 ipse
485 1239 757 1284 Venetorum
781 1234 884 1283 fines
907 1231 1107 1303 ingressus
1122 1269 1135 1289 ‚
1155 1238 1234 1281 San

217 1310 398 1358 Martini
420 1313 465 1357 δέ
483 1304 616 1356 Plebis
638 1323 751 1353 arces
767 1340 780 1359 ‚
803 1304 936 1374 ijsque
951 1306 1088 1354 vicina
1104 1301 1235 1351 loca-,2

215 1393 434 1446 expugnat
447 1377 575 1432 ‚&in
586 1392 743 1444 agrum
767 1371 1069 1422 Taruifianum
1089 1372 1210 1420 ducit
1224 1409 1233 1418 .

215 1451 334 1494 Cum
359 1445 457 1495 vero
490 1443 657 1492 audiret
690 1444 879 1491 Venetos
910 1441 1238 1493 fflartholomaeum

216 1517 449 1563 Liuianum
461 1549 476 1569 ‚
498 1521 542 1560 δεῖ
556 1515 770 1579 Georgium
792 1515 1031 1560 Carnarium
1058 1547 1072 1568 ,
1090 1512 1238 1578 magni

217 1585 409 1632 nominis
421 1586 562 1630 Duces
574 1580 760 1628 euocasse
773 1616 786 1635 ,
800 1587 843 1626 ὃς
856 1579 1009 1627 auxilia
1033 1597 1123 1627 non
1137 1597 1236 1626 con·

216 1650 446 1700 temnenda
467 1669 490 1697 a
511 1649 633 1699 Gallo
656 1652 880 1718 expectare
893 1681 906 1702 ,
941 1649 1003 1696 vti
1026 1655 1070 1694 &
1093 1646 1181 1716 ipse
1208 1646 1240 1694 fi

214 1722 396 1768 maiores
408 1735 575 1790 pararet
598 1721 746 1786 copias
760 1753 774 1774 ‚
790 1720 828 1764 V
833 1717 969 1764 lmam
991 1716 1114 1781 redijt
1130 1739 1143 1775 ,·
1167 1716 1240 1765 vbi

218 1805 443 1837 conuentu
462 1788 654 1842 indicto,
692 1789 920 1835 &Sueuici
939 1781 1111 1834 foederis
1137 1788 1240 1835 viri-

216 1855 293 1905 bus
312 1855 554 1912 solicitatis,
585 1854 788 1925 promiffa
809 1855 863 1905 ab
889 1857 1079 1924 Imperio
1116 1858 1232 1904 auxi-

55 1964 86 1999 C
97 1965 130 1997 X
142 1964 171 1996 V
219 1927 272 1974 lia
285 1961 299 1981 ,
311 1929 354 1974 in
365 1926 466 1975 alios
478 1925 545 1974 sex
559 1924 719 1973 menses
733 1929 960 1994 prorogari
986 1923 1215 1994 postulauit
1229 1963 1238 1973 .

19 2005 128 2054 ,Casas
138 1987 207 2052 Be}-
221 1995 403 2041 Interim
416 2012 596 2060 propter
607 1995 869 2043 Geldrorum
889 1996 1073 2043 assiduas
1094 2011 1241 2041 excur-

31 2058 117 2092 gmm
125 2056 207 2089 Μ’·
223 2058 358 2108 fiones
370 2094 384 2116 ,
395 2063 441 2108 in
454 2060 650 2128 Belgium
664 2077 749 2125 qua
762 2064 903 2127 potuit
914 2060 1125 2107 celeritate
1139 2078 1238 2127 pro-

223 2124 361 2176 fec‘cus
390 2163 404 2183 ‚
432 2129 760 2198 prouinciarum
791 2125 1100 2194 gubernatione
1138 2131 1237 2174 Bru·

225 2196 338 2243 xellis
352 2195 624 2264 susceptu&
639 2197 820 2264 pecunia
841 2198 886 2243 in
907 2194 1064 2244 bellum
1074 2194 1240 2244 Geldri-

224 2282 328 2312 cum
340 2267 551 2333 imperata
565 2266 633 2319 ‚in
645 2267 926 2312 Germaniam
935 2264 1059 2327 redijt
1071 2300 1083 2312 .
1121 2267 1242 2311 Dum

63 2356 191 2392 CXVI.
225 2333 382 2382 Veneti
396 2332 620 2403 ,superatis
633 2366 648 2387 ,
669 2351 765 2401 quae
785 2333 1027 2381 Cadurium
1050 2333 1215 2381 ducunt
1229 2368 1242 2387 ‚

40 2396 427 2475 ξῐξίζζὲῃῖειηὲυίὶίῥε
453 2436 467 2455 ,
497 2405 612 2450 recia
634 2404 679 2448 in
712 2405 949 2450 Germanos
982 2399 1041 2449 ibi
1071 2418 1241 2469 agentes

45 2482 105 2516 eti.
226 2473 363 2518 aciem
374 2468 588 2517 direxere.
610 2472 670 2515 Hi
716 2469 801 2518 uod
822 2489 873 2518 ex
899 2469 1141 2539 improuiso
1151 2468 1190 2516 se
1203 2468 1242 2516 se

227 2541 546 2586 circumuentos
559 2571 574 2591 ,
589 2543 632 2582 &
645 2557 666 2584 e
704 2541 799 2604 ugia
809 2537 862 2586 ab
882 2539 1032 2586 incolis
1046 2538 1242 2586 locorum

228 2608 385 2654 Veneti
404 2607 592 2655 nominis
613 2603 806 2653 studiosis
819 2640 834 2661 ,
854 2605 996 2654 inseffa
1017 2605 1216 2657 videbant
1230 2640 1243 2660 ‚

233 2676 474 2722 necestitate
484 2675 704 2741 pugnandi
722 2676 766 2722 in
790 2671 1095 2724 fortitudinem
1105 2672 1218 2723 versa
1229 2709 1243 2729 ,

231 2739 349 2790 facto
361 2738 490 2811 globo
501 2743 749 2810 irrumpunt
767 2777 780 2798 ‚
799 2743 870 2792 sed
884 2744 987 2793 vieti
1001 2777 1014 2798 ,
1034 2762 1085 2791 ex
1095 2745 1144 2807 ijs
1173 2761 1239 2790 ce-

230 2810 373 2858 cidere
394 2807 536 2861 mille>
571 2809 719 2877 reliqui
742 2816 858 2881 capti
879 2811 999 2861 sunt.
1038 2814 1244 2860 Liuianus

232 2879 333 2926 inde
343 2876 568 2926 Cadurium
586 2892 727 2925 arcem
744 2880 914 2930 difficili
940 2899 1018 2929 nec
1043 2883 1243 2929 incruen-

237 2965 279 2994 ta
302 2947 484 2997 victoria
504 2948 786 3010 expugnauit.
822 2952 947 3015 Perijt
969 2954 1014 2997 in
1040 2968 1087 2998 ea
1098 2968 1244 3018 oppa-

237 3017 442 3084 gnatione
463 3011 628 3061 Carolus
661 3011 889 3076 Malatefla
915 3037 967 3066 ex
997 3021 1244 3067 Ariminen-

240 3083 354 3131 fium
366 3081 543 3150 regulis,
581 3081 672 3127 istu
684 3078 830 3146 lapidis
845 3114 860 3134 ‚
892 3089 1045 3134 eximia
1067 3085 1246 3134 indole)

241 3149 480 3200 adolescens
506 3183 520 3204 ‚
554 3155 598 3194 &
628 3145 793 3215 aliquot
821 3165 924 3196 cum
958 3171 1009 3200 eo
1039 3157 1123 3205 viri
1156 3151 1241 3202 for.

244 3238 304 3270 tes
340 3259 349 3268 .
398 3219 593 3267 Vistoria
632 3215 725 3266 vsus
761 3218 967 3265 Liuianus
989 3251 1002 3271 ³
1034 3228 1248 3271 Cremon-

242 3288 332 3337 sam
355 3292 402 3337 in
420 3288 539 3336 edito
558 3285 661 3334 colle
681 3282 868 3354 positam
882 3287 1010 3332 armis
1023 3319 1038 3339 ‚
1072 3291 1250 3338 Portum

247 3360 409 3406 Naonis
421 3356 636 3405 deditione
658 3371 840 3422 occupat
857 3392 866 3401 .
905 3355 1119 3401 Goritiam
1141 3354 1252 3401 obsi-

246 3424 521 3494 dionecingit
536 3460 549 3480 ‚
583 3425 723 3492 capit:
761 3425 938 3491 parique
956 3418 1131 3469 fortuna
1152 3422 1252 3468 Ter·

250 3492 414 3559 gestum
442 3511 555 3542 terra
588 3527 602 3548 ‚
638 3509 836 3560 marique
866 3489 1256 3539 circumuallatum..
1306 3509 1341 3540 to
1353 3493 1836 3563 alterinepotidediffet3
1858 3496 2309 3563 Venetieoconzepto,

219 423 502 474 satumlioeris
515 413 801 486 ,quibuscum
812 406 985 457 Caestiris
1008 404 1135 455 titulo
1155 425 1223 455 or·
1275 404 1520 466 deinducijs
1545 406 1613 469 agi
1638 421 1836 469 ceptum.
1874 404 2127 455 Conuenere
2149 405 2201 453 ad
2213 408 2292 454 Ri-

2317 392 2405 428 1508.

1278 491 1377 543 pam
1390 472 1541 519 Benaci
1553 470 1661 518 lacus
1675 503 1689 522 ,
1709 473 1983 539 Imperatoris
1997 476 2173 522 nomine
2195 476 2293 521 Tri-

1278 542 1464 589 dentinus
1487 538 1630 604 Praesal
1643 571 1656 591 ‚
1694 545 1737 582 δί
1750 544 1967 603 Cyprianus
1990 550 2021 589 S
2023 546 2220 592 eremium
2240 542 2293 591 ab

1279 609 1464 678 epistolis
1480 644 1491 662 ,
1528 607 1552 656 Ξι
1575 609 1614 652 V
1616 608 1746 653 enetis
1771 608 2001 658 Zacharias
2025 618 2292 660 Contarenus.

1279 679 1502 727 Gallorum
1523 693 1699 744 quoque
1731 677 1861 742 Regis
1893 678 2096 725 mandato
2122 714 2133 732 ‚
2170 677 2294 729 fine>

1279 765 1369 817 quo
1381 748 1539 795 Veneti
1552 743 1656 791 nihil
1679 742 1829 810 pacisci
1854 742 2048 793 volebant
2072 780 2084 798 ,
2120 748 2294 797 aderant

1280 821 1304 864 l
1305 836 1447 865 oannes
1467 813 1628 863 lacobus
1648 812 1849 861 Trialtt'm
1863 846 1877 867 ,
1914 818 1958 859 δέ
1983 814 2143 862 Carolus
2166 817 2293 883 Infre-

1282 885 1355 934 das
1369 923 1378 932 .
1416 890 1620 953 Cumque
1631 882 1684 930 de
1695 882 1875 944 inducijs
1888 881 1941 930 ad
1953 883 2191 929 triennium
2212 883 2294 931 ser-

1285 953 1438 1004 uandis
1450 969 1671 1023 ageretur,
1692 953 1737 999 in
1759 970 1812 997 eo
1830 950 2062 999 difficultas
2075 968 2161 997 erat
2172 951 2293 1018 quod

1283 1022 1425 1071 Gallus
1450 1019 1659 1091 generales
1680 1019 1757 1068 effe
1778 1018 1862 1066 illas
1886 1054 1899 1073 ,
1934 1027 1980 1066 δέ
2000 1019 2207 1068 Geldrum
2231 1020 2296 1082 ijs-

1284 1092 1385 1141 dem
1410 1087 1724 1159 comprehendi
1745 1087 1915 1140 volebat
1938 1127 1947 1136 .
1984 1089 2139 1136 Veneti
2160 1087 2261 1135 vero
2283 1124 2298 1144 ,

1285 1158 1627 1211 vtbellumasuis
1650 1174 1918 1211 auerterent,
1932 1156 2088 1207 finibus
2109 1175 2157 1204 ac
2171 1156 2298 1205 indu-

1285 1232 1453 1278 ciarum
1476 1245 1673 1296 tempore
1692 1229 1874 1297 imperia
1894 1225 1963 1275 sua
1987 1230 2033 1277 in
2052 1226 2153 1275 locis
2177 1230 2300 1275 noui-

1289 1318 1353 1348 ter
1395 1300 1613 1368 occupatis
1641 1331 1656 1352 ,
1691 1296 2003 1347 confirmarent
2035 1331 2050 1352 ,
2086 1294 2300 1345 seorsum..

1287 1370 1312 1419 a
1335 1368 1463 1418 Gallis
1497 1364 1667 1415 confilia
1691 1365 1844 1415 habere
1879 1383 2086 1435 ceperunt
2106 1400 2120 1420 ,
2157 1372 2200 1411 δέ
2224 1364 2301 1415 suo

1288 1439 1463 1488 tantum
1492 1439 1668 1485 nomine
1692 1436 1883 1484 inducias
1903 1433 2098 1483 fecerunt
2124 1469 2137 1489 ,
2172 1433 2302 1482 reela-

1287 1505 1505 1556 mantibus
1537 1508 1665 1575 Regis
1697 1505 1867 1573 legatis.
1907 1504 2114 1553 Idoneam
2136 1502 2304 1552 causam

1290 1575 1547 1627 videbantur
1578 1573 1780 1644 praeferre
1811 1575 1831 1642 (
1853 1573 1974 1643 quod
2006 1573 2305 1641 Tranfhlpina-

1289 1665 1381 1694 ram
1402 1664 1532 1694 reram
1555 1663 1649 1692 cara
1671 1643 1776 1694 nihil
1793 1643 1851 1692 ad
1869 1645 1969 1710 ipsbs
1982 1645 2188 1712 pertineret
2203 1676 2217 1696 ,
2228 1641 2306 1708 fi’d

1291 1714 1339 1763 de
1362 1732 1503 1762 mutuo
1523 1716 1567 1761 in
1590 1711 1750 1762 Italicis
1771 1712 1880 1762 bellis
1899 1712 2056 1760 auxilio
2079 1710 2219 1779 soeclas
2250 1712 2305 1777 es·

1279 1785 1326 1851 fi’
1341 1782 1517 1850 fafflam
1539 1817 1552 1837 ,
1587 1782 1648 1843 (ds
1672 1785 1774 1849 Qgi
1802 1785 1839 1849 fi
1855 1782 2021 1850 induczjs
2044 1778 2308 1847 comprehendi

1291 1851 1412 1901 vellet
1427 1886 1440 1906 ,
1476 1851 1601 1900 locam
1625 1851 1686 1912 (eff
1711 1868 1864 1920 tempus
1886 1849 2071 1899 melitium
2103 1853 2174 1916 εἶβε
2195 1848 2307 1896 dice-

1291 1938 1386 1969 rent
1410 1931 1421 1980 )
1445 1939 1537 1970 rem
1563 1938 1706 1969 tamen
1727 1922 1915 1989 grauiter
1938 1919 2033 1968 tulit
2068 1917 2208 1966 Gallus
2230 1952 2243 1972 ,
2263 1924 2307 1962 δε
2325 1949 2494 1983 CXVII.

1293 1992 1508 2038 Venetam
1526 1991 1768 2037 amicitiam
1789 1988 1932 2037 minus
1962 1988 2102 2037 studio
2133 1986 2307 2035 colere)
2325 1993 2421 2050 Or1ss⁰
2432 1995 2494 2049 (ξι-

1292 2061 1408 2127 cepit
1436 2097 1447 2107 .
1485 2058 1828 2108 Maximiltanus
1857 2077 2031 2108 memor
2051 2056 2307 2106 Cadubrinae
2325 2044 2495 2121 ssfffflcfs'sss'.

1294 2128 1423 2175 cladis
1447 2145 1597 2196 totque
1635 2128 1902 2197 oppidorum
1933 2126 2184 2174 alienatione
2212 2141 2308 2191 per-
2324 2115 2425 2151 ἀπ’·

1294 2212 1439 2243 motus
1454 2231 1469 2251 ,
1504 2200 1669 2246 iniuriae
1679 2199 1901 2244 auctorem
1921 2197 2141 2242 Venetum
2163 2190 2305 2241 occul-

1293 2264 1333 2311 te
1355 2265 1502 2312 oderat
1523 2299 1537 2319 ,
1573 2284 1678 2314 mox
1710 2268 1753 2312 in
1783 2281 1980 2331 apertam
2009 2263 2306 2310 inimicitiam„

1295 2351 1577 2405 prorumpens
1594 2367 1607 2386 ,
1642 2333 1907 2380 horrendum
1919 2329 2307 2397 Camaracenfissoe-

1292 2402 1394 2449 deris
1405 2401 1868 2449 excitauitincendium
1881 2439 1890 2448 .
1914 2406 2046 2456 Sunt,
2066 2403 2142 2468 qui
2154 2399 2307 2447 Iuliam

1295 2468 1546 2515 Pontificem
1569 2472 1791 2515 auctorem
1813 2465 1975 2516 faciunt
1998 2503 2011 2522 ,
2046 2486 2093 2519 vt
2115 2470 2193 2536 qui
2214 2471 2304 2536 opi,

1294 2536 1369 2585 bus
1405 2534 1486 2583 suis
1509 2537 1652 2582 minus
1684 2552 1851 2602 poterat
1892 2570 1906 2588 ,
1941 2535 2114 2582 illorum
2148 2535 2306 2584 viribus

1291 2604 1459 2655 adiutus
1474 2638 1487 2659 ,
1523 2606 1781 2650 Ariminum
1806 2638 1819 2658 ‚
1856 2606 2100 2651 Fauentiam
2122 2603 2146 2651 εὶ
2167 2604 2308 2652 Vene-

1293 2676 1344 2721 tis
1365 2688 1656 2741 recuperaret.

1363 2744 1464 2792 Huc
1476 2739 1584 2792 facit
1599 2744 1767 2790 votiuus
1781 2760 1987 2792 nummus
1997 2742 2184 2791 eiusdem
2198 2747 2308 2790 Pon*-

1298 2810 1423 2858 tificis
1437 2844 1451 2865 ‚
1487 2813 1533 2857 in
1546 2828 1636 2878 quo
1657 2811 1820 2860 tenebris
1843 2811 2043 2872 castellum
2076 2811 2283 2859 obducitur
2294 2847 2309 2866 ,

1295 2879 1365 2930 sed
1376 2887 1419 2926 δε
1431 2878 1623 2928 coruscat
1644 2878 1782 2927 serena
1795 2879 1884 2926 luce
1895 2881 2032 2926 Diana
2045 2917 2055 2926 .
2094 2878 2309 2927 Tenebras

1297 2949 1400 2997 Ialio
1411 2948 1564 2997 multas
1577 2947 1823 2996 offuderunt
1854 2946 2013 2996 Perusia
2028 2982 2039 3001 ‚
2076 2947 2282 2996 Caesena..
2295 2984 2311 3007 ,

1298 3017 1571 3069 Foriliuium:
1610 3016 1678 3065 sed
1700 3034 1865 3064 nouum
1888 3017 1926 3062 ei
1948 3018 2142 3064 exoritur
2162 3015 2309 3071 iubar,

1299 3087 1429 3154 pasto
1461 3103 1563 3132 cum
1595 3086 1900 3152 potentiffimis
1930 3084 2200 3153 magnatibus
2225 3081 2308 3131 foe-

1299 3154 1396 3202 dere
1410 3191 1418 3200 .
1457 3151 1581 3200 Alter
1592 3153 1651 3198 est
1661 3152 1971 3201 Maximiliani
1980 3152 2099 3199 cusus
2110 3155 2153 3198 in
2168 3155 2307 3200 Vene-

1302 3240 1367 3270 tos
1389 3220 1498 3269 bello
1521 3218 1737 3288 suscepto.
1777 3220 2016 3269 Accedebat
2045 3221 2098 3268 ad
2119 3238 2308 3270 veterem

1302 3294 1346 3339 in
1367 3290 1458 3338 illos
1489 3289 1833 3356 indignationem
1855 3323 1868 3343 ‚
1898 3288 2018 3357 quod
2051 3309 2154 3338 cum
2186 3291 2309 3359 iple)

1303 3361 1582 3406 Vicentinum
1593 3355 1898 3427 Episcopatum
1912 3391 1927 3412 ,
1948 3358 2044 3425 post
2054 3355 2309 3407 defunctum

1305 3430 1444 3473 Sancti
1457 3429 1565 3473 Petri
1579 3426 1844 3475 Cardinalem
1856 3444 2058 3495 nepotem
2071 3426 2308 3481 suum‚Six·-
2332 3455 2360 3487 C
2372 3455 2434 3486 XV
2439 3455 2495 3486 111.

2331 3498 2417 3538 Iuliis
2430 3497 2492 3542 ¹II.

4 3558 15 3623 s
110 3576 240 3614 Inducta
252 3577 488 3631 expugnat.
524 3562 699 3611 eumin
724 3561 838 3608 hunc
859 3559 1045 3607 modum
1058 3576 1119 3605 res
1143 3574 1255 3603 nom
1308 3559 1439 3607 alium
1458 3581 1509 3608 ex
1530 3566 1716 3629 patricijs
1736 3563 1816 3612 suis
1839 3562 2082 3612 suffecerant
2118 3602 2127 3610 .
2167 3560 2309 3610 Musas
2331 3538 2498 3611 oiiffi-ffifici'fi

70 3621 242 3707 facitne&
256 3628 455 3696 prospero
473 3645 693 3698 gereretur
715 3627 897 3678 successu
918 3636 943 3685 (⁴
966 3645 1104 3695 neque
1137 3628 1257 3672 enim
1309 3630 1451 3697 itaque
1463 3632 1507 3677 in
1520 3631 1667 3679 Gallias
1680 3636 1842 3686 Sixtas,
1855 3649 1900 3680 vt
1913 3636 2074 3698 Regem
2089 3649 2189 3677 cum
2203 3632 2310 3675 Ada-
2331 3621 2478 3653 ''emm-

70 3707 220 3739 Venetos.
257 3696 456 3767 promissa
475 3698 528 3745 ad
549 3714 720 3765 tempus
741 3699 917 3768 pecunia
936 3681 1288 3749 numerabatur>l
1312 3698 1527 3748 xtmzliano
1539 3704 1799 3766 coniungere
1810 3700 1976 3765 sperans
1979 3719 1991 3754 ,·
2002 3698 2311 3754 Ferdinandtm

467 3767 685 3813 TomVJl.

1788 3765 1869 3809 Dd
2074 3765 2240 3830 Vtrique
