2675 3992
393 197 507 271 526
625 194 881 258 Carolus
900 190 1041 257 V.&
1054 188 1436 255 Ferdinand.1.
1454 186 2013 274 Occid.1mp.XLIV.
2028 195 2091 257 ὃ(
2106 189 2276 258 XLV.

129 302 293 341 Sal-Am.
311 295 422 343 aliud
437 294 884 364 tempusiui'penci'erat
912 333 921 342 .
961 294 1041 358 Alij
1068 298 1195 343 certis
1217 310 1312 340 can-

132 351 221 385 ¹⁵4¹‘
314 364 423 411 cellis
442 364 465 410 a
486 364 654 411 Luthero
677 365 903 412 afferebant
927 361 1136 412 inclusum
1160 397 1173 416 ,
1208 382 1315 429 quos

315 431 456 500 egredi
471 448 560 477 non
586 430 714 498 posset
731 465 744 484 ,
768 436 824 478 ita
836 430 1202 480 Saxoniaeiubente
1224 432 1314 479 Ele-

320 504 437 547 c‘rore
473 537 481 545 .
519 504 725 565 Cumque
764 500 1054 551 Melanchthon
1083 499 1315 549 Caesarem,

319 568 389 614 sua
410 565 629 636 asperitate
653 568 863 616 ostensum
883 569 1158 636 intelligeret,
1181 569 1315 617 literas

316 636 366 683 ad
382 654 479 682 eum
493 635 607 683 dedit
624 670 635 690 ,
651 638 860 705 purgandi
873 637 932 686 sui
946 641 1082 706 gratia
1095 641 1139 685 in
1162 637 1316 706 quibus

315 721 484 751 tantum
506 703 714 771 gloriatur
739 706 944 753 indulsisse
967 704 1185 753 catholicis
1201 740 1213 759 ‚
1237 707 1316 755 vta

314 772 394 819 suis
416 772 702 822 accusaretur.
747 780 960 822 Caeterum
974 773 1024 821 eo
1035 777 1167 820 animi
1189 774 1316 823 obsti-

310 844 399 887 nati
422 839 507 888 fuit
530 876 542 895 ‚
567 859 614 889 vt
635 860 736 889 cum
759 843 810 889 de
831 845 1082 890 auctoritate
1105 843 1315 891 Generalis

309 909 459 957 concili
464 931 475 972 1
488 908 662 976 quaestio
674 926 922 963 recurreret,
935 916 970 957 C
970 910 1220 959 atholicorum
1222 914 1314 976 βη-

310 982 476 1028 tentiam
489 1000 534 1025 ne
545 977 702 1045 quidem
713 980 756 1025 in
776 995 886 1025 tauro
899 979 1130 1027 Phalaridis
1146 980 1311 1045 proban-

310 1049 408 1094 dam
432 1047 627 1112 affirmem
650 1045 834 1112 quoduis
847 1044 1152 1115 suppliciorum
1179 1065 1312 1114 genus

311 1113 537 1163 ferendum
549 1112 762 1161 insinuans
780 1147 793 1167 ,
805 1113 939 1182 quam
953 1133 998 1164 vt
1011 1113 1176 1164 causam
1191 1114 1310 1165 ssiam

312 1182 497 1232 Ecclefiae
510 1218 521 1236 ,
538 1181 600 1231 vel
612 1186 671 1230 Ge
679 1181 804 1229 nerali
817 1183 1015 1233 Concilio
1026 1183 1311 1233 definiendam

308 1253 576 1302 submitteret
592 1289 600 1298 .
615 1252 664 1297 In
678 1250 896 1318 colloquio
907 1252 957 1299 de
971 1254 1221 1317 Eucharistiae
1234 1260 1303 1302 Sa·

309 1337 500 1371 eramento
525 1353 538 1373 ,
562 1318 632 1368 vbi
645 1320 956 1370 Melanchthoni
967 1341 1040 1390 per
1065 1321 1309 1370 catholicos

302 1390 522 1437 obied'ium
537 1384 596 1435 fui
603 1405 619 1434 t
635 1422 648 1442 ‚
660 1387 779 1456 quod
791 1389 986 1437 decimum
998 1390 1211 1437 articulum
1226 1397 1293 1438 Au

294 1458 466 1525 gustanae
479 1463 514 1504 C
514 1478 558 1505 on
552 1456 725 1523 fiffionis
737 1460 780 1505 in
788 1458 1060 1525 posterioribus
1071 1457 1305 1509 editionibus

289 1526 402 1594 slede
414 1530 626 1575 mutauerit
639 1527 659 1591 <
673 1543 773 1573 nam
787 1524 966 1575 verbum
981 1526 1118 1592 Adeffl‘
1137 1525 1306 1576 sustule-

300 1603 424 1653 rat3&
439 1594 643 1644 Vltimum
655 1595 904 1648 articulum,
917 1614 1006 1662 quo
1020 1600 1308 1645 Sacramenta-

301 1667 351 1727 rij
365 1664 596 1712 damnatur
607 1699 620 1718 ,
641 1679 883 1712 remouerat
896 1665 916 1728 )
928 1681 1029 1710 cum
1042 1660 1131 1711 falsi
1143 1667 1306 1713 crimen

297 1751 451 1800 negare
484 1733 671 1780 minime
692 1730 823 1800 poffet
847 1766 860 1786 ‚
891 1731 1105 1780 restituere
1136 1737 1306 1782 coacstus

301 1799 385 1850 fuit
397 1820 498 1850 cum
512 1800 684 1855 rubore,
696 1802 812 1868 quod
825 1797 978 1847 furtim
988 1799 1207 1851 abstulerat
1227 1841 1237 1850 .

373 1870 586 1920 Absoluto
598 1870 816 1936 colloquio
830 1902 842 1923 ‚
858 1869 974 1936 quod
987 1886 1164 1918 exeunte
1188 1874 1308 1921 Maio

153 1047 181 1079 C
192 1047 219 1080 C
230 1046 269 1081 C.

119 1091 151 1122 X
162 1090 190 1121 C
204 1091 230 1121 V
242 1090 294 1125 111.

153 1134 277 1164 Melan

119 1174 212 1206 chrhb'
224 1173 293 1216 fal-

112 1214 141 1257 fi
180 1218 270 1249 canui
282 1235 285 1239 ν

120 1257 195 1291 flus-

271 1935 278 1944 ’
303 1938 470 1989 fastum
482 1934 664 1992 est,liber
674 1936 824 1986 Caesari
835 1938 1021 1987 redditus
1038 1935 1120 1986 fuit
1133 1942 1190 1987 cst
1203 1959 1306 1989 con-
1333 1987 1335 1991 ,

302 2009 552 2063 cordatis‚&
568 2024 656 2055 non
669 2006 1057 2064 concordatis3huic
1071 2008 1307 2057 Protestan-
1333 2033 1336 2038 ⁴

300 2095 359 2126 tes
370 2076 598 2124 adiunxere
611 2071 845 2124 formulam
859 2075 941 2144 pro
954 2078 1188 2144 corrigEdis
1200 2076 1302 2125 abu-
1333 2100 1335 2102 ·

298 2143 409 2194 sibus
419 2142 895 2198 Ecclefiasticis,au&ore
906 2145 1254 2214 Martin0223ucero
1266 2185 1275 2194 .

372 2219 435 2263 Ex
458 2214 631 2263 aduerso
656 2214 868 2288 Principes
887 2213 1101 2262 Catholici
1123 2214 1311 2284 requisiti

301 2291 346 2331 δε
359 2281 436 2351 ipsi
447 2282 564 2331 suam
580 2278 771 2352 proferre
784 2282 1042 2330 sententiam
1058 2318 1072 2338 ,
1085 2283 1125 2331 se
1139 2282 1310 2332 humili-

305 2369 369 2400 ter
381 2350 633 2399 remiserunt
646 2349 874 2398 Pontificio
896 2355 1056 2418 Legato
1071 2386 1084 2406 ‚
1103 2350 1312 2401 Caesarem

307 2437 503 2489 rogantes
515 2455 528 2475 ,
544 2437 589 2470 vt
601 2438 647 2467 ea
659 2437 760 2467 cum
773 2418 912 2487 legato
922 2418 1143 2468 discuteret
1158 2455 1170 2474 ‚
1194 2421 1314 2489 quod

308 2489 448 2538 sedulo
460 2485 585 2536 fecit.
625 2495 868 2537 Contarenus
892 2488 994 2537 vero
1010 2489 1199 2556 perlectis
1219 2509 1314 2539 om-

125 2603 191 2637 CC
203 2603 232 2636 C
242 2602 286 2635 CI
313 2556 435 2604 nibus
456 2574 570 2623 ,quae
584 2556 739 2605 Caesari
751 2555 1032 2604 collucutores
1046 2557 1286 2606 obtulerant
1301 2593 1313 2612 ‚

125 2629 296 2680 cantarem}
316 2629 371 2674 ita
390 2622 613 2691 respondit
633 2646 645 2680 3
685 2625 798 2684 „Quia
822 2626 1072 2689 Protestantes
1093 2630 1135 2675 in
1158 2627 1310 2695 quibus-

125 2687 297 2730 '‘sp‘’''su'''
317 2694 417 2741 dam
438 2692 688 2758 dogmatibus
708 2691 736 2738 d
762 2694 941 2760 confl’nsu
952 2696 1160 2745 Catholicae
1182 2696 1313 2744 Eccle-

312 2765 370 2830 sia
383 2761 642 2828 difieffirunt,
653 2759 710 2807 ad
721 2779 837 2827 quem
849 2762 1051 2828 paulatim
1059 2783 1126 2831 per
1137 2769 1214 2813 Dei
1218 2784 1312 2830 gra-

316 2835 419 2879 tiam
432 2830 565 2878 reduci
575 2831 708 2896 poffint
726 2861 737 2878 ‚
748 2827 887 2877 videri
898 2830 1114 2896 conficltum
1130 2868 1142 2887 ,
1156 2855 1201 2881 ne
1215 2834 1315 2899 quid

316 2896 490 2966 amplius
512 2897 558 2945 de
570 2897 681 2945 rebus
702 2897 787 2961 istis
798 2916 901 2946 nunc
922 2898 1134 2964 definiatur
1148 2936 1162 2956 ,
1181 2900 1256 2965 scd
1267 2918 1315 2948 vt

315 2971 441 3017 omnis
460 2967 581 3031 causa
602 2964 796 3035 referatur
825 2967 882 3014 ad
903 2973 1121 3017 Summum
1153 2971 1314 3035 Pontifi-

318 3059 398 3086 cem
415 3055 483 3104 per
502 3034 696 3083 Generale
719 3034 926 3085 concilium
945 3069 960 3090 ‚
986 3036 1125 3085 aliave
1147 3040 1221 3085 via
1248 3030 1316 3104 pro

320 3126 464 3159 rerum,
477 3104 535 3166 (ᾤ’
546 3120 758 3171 temporum
771 3104 985 3153 conditione
1000 3106 1236 3172 ,secundum
1251 3127 1316 3156 ca-

322 3174 505 3223 tholicam
527 3176 738 3220 veritatem
760 3173 815 3221 ad
835 3193 925 3221 eum
945 3174 1106 3223 modum
1129 3174 1314 3240 definien-

327 3242 424 3287 dam
444 3276 455 3295 ‚
467 3244 531 3289 vti
545 3245 617 3290 toti
629 3248 662 3288 C
665 3241 852 3303 hristiano
869 3241 964 3290 Orbi
977 3277 989 3297 ‚
1018 3243 1079 3304 ff
1091 3243 1318 3309 nobiliffimae

329 3312 481 3355 nationi
500 3314 743 3357 Germanice
766 3310 947 3377 expedire
960 3311 1049 3377 fiire
1066 3311 1268 3359 videbitur
1308 3347 1316 3356 .

328 3379 391 3422 Ita
413 3374 578 3441 semper
590 3378 640 3424 ad
661 3380 1004 3427 oecumenicum
1018 3379 1247 3426 concilium
1269 3376 1320 3425 ab

330 3443 528 3492 omnibus
542 3460 823 3510 prouocatum
839 3480 849 3499 ‚
863 3463 951 3494 tam
964 3450 1010 3508 ijs
1025 3481 1037 3500 ,
1059 3448 1135 3516 qui
1147 3444 1230 3492 hoc
1252 3446 1320 3493 de-

329 3512 555 3560 siderarent
579 3544 591 3564 ,
612 3509 747 3577 quam
768 3516 843 3578 qni
864 3514 1152 3561 auersarentur
1171 3534 1183 3561 ‚·
1205 3515 1321 3582 quod

138 2220 264 2258 CCCC.

1369 291 1515 340 tholici
1530 325 1542 345 ‚
1557 309 1658 339 voce
1680 290 1917 339 Acatholici
1930 311 1943 347 ,-
1967 306 2013 340 vt
2027 293 2070 337 in
2092 309 2208 359 quo,
2231 294 2371 340 diuer-
2386 308 2556 349 sal.Ann.

1370 360 1511 407 sarum
1527 362 1750 408 nationum
1766 359 1943 408 sententi
1949 366 1981 423 js
1995 360 2260 408 damnandos
2286 372 2374 409 non
2389 358 2476 422 ἓξὲξ
2486 391 2555 426 CH·

1368 427 1509 475 minus
1525 463 1537 482 ‚
1551 428 1684 496 quam
1696 428 1867 491 Huffiim
1881 462 1894 482 ,
1905 427 2090 495 aliosque
2102 429 2207 475 olim
2220 431 2370 497 praeui-
2424 434 2559 506 Plffrim

1368 497 1522 545 debant
1538 497 1733 544 sectarios
1748 534 1757 542 .
1771 495 1911 543 Gallus
1927 496 2009 544 hoc
2018 496 2093 544 suo
2103 497 2370 544 emolumen-
2383 482 2549 554 2331&

1369 583 1416 613 to
1431 568 1642 633 Principes
1654 564 1678 613 εἰ
1693 563 1831 612 Carolo
1845 564 2041 613 diffidere
2057 600 2070 619 ,
2082 572 2125 611 &
2138 567 2244 614 vires
2263 582 2371 614 atte-

1369 637 1491 682 nuari
1505 633 1700 701 cupiebat
1721 635 1890 700 imperij
1906 670 1915 679 .
1939 630 2136 681 Pontifex
2151 652 2221 688 ,ac
2232 634 2370 682 Caesar

1370 721 1458 752 non
1468 721 1585 750 extra
1599 701 1918 755 metumcilleme
1930 701 2163 751 Lutherani
2174 720 2273 749 eum
2288 721 2370 772 pro

1369 773 1536 819 Concili
1542 778 1553 835 j
1567 774 1702 839 capite
1715 786 1914 837 negantes
1926 790 1938 827 3
1955 769 2276 818 Constantiense
2297 772 2371 819 de-

1370 857 1536 887 cretum
1549 840 1599 887 de
1611 839 1810 888 Concilio
1830 836 1953 906 super
1964 837 2219 886 Pontificem
2238 858 2370 907 agno-

1368 907 1522 956 scendo
1537 925 1771 975 repeterent
1786 946 1795 954 .
1834 908 1917 953 Hic
1935 923 1987 953 ne
1998 911 2039 953 F
2040 909 2212 972 rancifio
2231 908 2371 956 Gallo-

1368 994 1465 1024 rum
1481 980 1587 1044 Regi
1604 1011 1617 1031 ‚
1630 975 1714 1023 fine
1725 980 1840 1024 cuius
1853 973 2010 1022 assensu
2022 975 2273 1026 Concilium
2285 972 2372 1023 dif-

1364 1042 1472 1092 ficile
1484 1044 1725 1112 sperabatur
1738 1080 1751 1100 ,
1765 1046 1953 1092 nimium
1967 1060 2191 1115 cogeretur
2214 1043 2372 1094 tribue·

1364 1130 1406 1159 re
1436 1151 1445 1160 .
1484 1115 1598 1161 Hinc
1612 1113 1717 1180 ssepe
1740 1113 2028 1182 postulatum,
2048 1111 2278 1182 saepiusque
2301 1130 2369 1160 re-

1364 1182 1581 1230 tardatum
1597 1180 1712 1229 haefit
1730 1220 1740 1229 .

1429 1251 1561 1298 Porro
1584 1267 1685 1297 cum
1700 1302 1702 1305 f
1719 1250 1993 1300 Protestantes
2015 1268 2271 1321 corruptam
2303 1269 2368 1298 ar·
2387 1252 2562 1303 ccccm.

1361 1315 1740 1385 guerentEcclesiae
1750 1317 2041 1385 disciplinam3
2057 1325 2298 1369 Contarenus
2319 1323 2364 1367 in
2380 1299 2562 1384 fhfflsssse'

1362 1390 1530 1454 priuato
1541 1385 1855 1457 Episcoporum
1869 1383 2055 1434 consessu
2075 1386 2181 1438 seri&
2194 1422 2208 1443 ,
2226 1407 2277 1435 ex
2289 1408 2364 1438 vo-
2382 1380 2562 1459 {agam}

1362 1455 1519 1505 luntate
1543 1454 1758 1504 Pontificis
1782 1455 2012 1503 admonuit
2041 1488 2054 1508 ‚
2079 1455 2134 1502 Vc
2158 1462 2298 1506 vitam
2319 1458 2370 1504 ab

1361 1529 1471 1574 omni
1487 1525 1619 1594 procul
1640 1525 1871 1592 cupiditatis
1884 1558 1898 1579 ‚
1918 1523 1977 1585 (Off
1998 1523 2228 1575 ambitionis
2238 1525 2374 1591 suspi-

1363 1596 1463 1643 cione
1475 1611 1668 1643 remotam
1680 1611 1840 1660 agerent
1858 1631 1867 1640 .
1905 1590 1976 1640 Ab
1990 1590 2142 1655 ijsdem
2158 1609 2333 1661 rogatus
2358 1625 2372 1643 ‚

1361 1660 1527 1732 scriptis
1550 1663 1696 1717 edere,
1718 1680 1814 1730 quae
1825 1680 1899 1710 ore
1920 1660 2206 1730 produxerat,
2231 1678 2375 1708 exara-

1362 1748 1426 1779 uit
1452 1770 1462 1780 .
2638 1770 2640 1787 ,

1432 1799 1564 1848 Porro
1576 1817 1678 1847 curn
1689 1798 1777 1847 haec
1788 1797 2033 1846 emendatio
2047 1796 2228 1863 sectarijs
2252 1815 2365 1846 non.,
2388 1809 2562 1862 cccciv,
2638 1814 2640 1876 i
2668 1806 2675 1825 ⁴

1365 1870 1545 1936 placeret
1560 1902 1574 1923 ,
1586 1868 1694 1916 hanc
1707 1885 1838 1918 vnam
1849 1866 2122 1936 cupientibus
2133 1867 2269 1937 legem
2285 1885 2368 1934 que¹
2388 1854 2564 1939 νῖζξέᾜῖ
2637 1879 2639 1924 A

1365 1938 1588 1986 bonorum
1610 1933 1996 1984 Ecclesiasticorum
2018 1938 2212 2002 rapinam
2233 1936 2369 1984 indul·
2389 1939 2563 1987 lataresor.
2637 1926 2639 1983 l

1366 2021 1484 2074 geret
1494 2026 1507 2063 ς
1520 2003 1776 2058 clamabant,
1788 2023 1841 2050 ex
1848 2003 1980 2070 populi
1989 2004 2171 2069 confinfii
2182 2006 2371 2052 ministe—
2389 1992 2497 2016 mano.

1367 2079 1428 2124 ria
1449 2073 1622 2141 Ecclesia
1642 2070 1865 2120 diuidenda
1884 2071 1951 2136 effi
1967 2105 1980 2126 ‚
2004 2070 2161 2119 ciuilem
2179 2092 2267 2120 cum
2291 2077 2374 2122 Ec-

1370 2142 1580 2214 clefiastica
1603 2140 1927 2209 lurisdiilionem
1936 2139 2181 2207 sociandam
2205 2175 2220 2196 ,
2239 2158 2288 2188 vt
2301 2144 2374 2207 qui

1370 2214 1491 2281 legem
1503 2233 1578 2261 non
1598 2215 1750 2260 timeret
1764 2244 1777 2264 ,
1794 2208 1982 2276 gladium
1995 2208 2243 2276 formidaret
2258 2231 2269 2254 .·
2290 2227 2376 2277 pro·
2643 2241 2644 2244 =
2670 2224 2675 2252 l

1366 2301 1497 2350 pterea
1522 2280 1577 2328 ad
1596 2279 1727 2348 populi
1745 2281 1930 2346 principes
1945 2313 1960 2334 ‚
1975 2280 2258 2346 Episcoporum
2271 2277 2374 2327 bona

1370 2370 1461 2399 cum
1483 2353 1599 2411 officio
1619 2347 1902 2415 transferenda
1918 2385 1927 2393 .
1964 2351 2156 2415 Coniuges
2178 2347 2373 2414 Ecclesia-

1360 2420 1472 2484 sticis
1495 2418 1635 2466 danda
1647 2451 1660 2473 ,
1683 2438 1728 2465 ne
1749 2436 1840 2465 cum
1860 2416 2122 2465 meretricibus
2133 2418 2348 2483 fluescunt
2361 2453 2371 2464 .

1371 2495 1580 2539 Sacrorum
1603 2485 1935 2534 nundinationem
1958 2520 1972 2540 ,
1996 2505 2075 2553 quae
2077 2488 2248 2552 simonia
2270 2485 2374 2532 dici-

1371 2574 1436 2605 tur
1448 2590 1461 2611 ,
1476 2556 1720 2623 extirpanda
1734 2593 1743 2602 .
1780 2560 1815 2601 C
1817 2553 1887 2601 leri
1898 2553 2145 2602 abundantes
2150 2554 2375 2619 poffi’fflones

1370 2630 1413 2674 in
1418 2642 1604 2693 pauperes
1616 2624 1832 2689 erogandas
1845 2623 1966 2669 iuxta
1978 2621 2174 2685 nascentis
2199 2620 2371 2687 Ecclestae

1369 2691 1766 2758 instituta.Puerilem
1778 2706 1930 2737 atatem
1932 2687 2221 2755 fundamentis
2234 2695 2375 2737 Euan·

1363 2764 1492 2831 gelicae
1515 2759 1695 2808 dossrinae
1716 2757 1973 2806 imbuendam
2000 2795 2009 2804 .
2047 2758 2299 2823 facinorosos
2319 2756 2373 2805 ab

1371 2830 1540 2895 Ecclesia
1576 2826 1814 2894 expellendos
1836 2864 1845 2873 .
1887 2826 2069 2873 Veterum
2102 2830 2372 2885 Romanorum

1370 2913 1543 2946 reuocato
1557 2916 1657 2943 more
1671 2896 1832 2963 cenfiires
1844 2894 2025 2942 creandos
2039 2926 2052 2946 ‚
2072 2897 2142 2960 qui
2155 2914 2227 2942 non
2234 2893 2372 2961 stilum

1370 2966 1416 3014 de
1427 2967 1558 3013 Sacris
1579 2963 1771 3027 ministris
1786 2998 1799 3018 ‚
1812 2963 1889 3032 sed
1899 2962 1956 3024 ff·
1980 2962 2028 3011 de
2039 2964 2174 3011 caeteris
2196 2961 2369 3014 omnibus

1371 3037 1578 3102 inquirant
1594 3066 1606 3087 ‚
1621 3034 1826 3101 noxiosque
1829 3036 1916 3099 sua
1928 3049 2058 3081 notent
2069 3032 2228 3097 censura
2243 3070 2253 3079 .
2269 3032 2369 3078 Vno

1372 3101 1504 3154 verbo
1525 3101 1841 3149 contendebant
1865 3136 1877 3155 ‚
1901 3118 1948 3150 vt
1975 3098 2181 3149 Pontifice
2204 3134 2218 3154 ,
2242 3116 2363 3147 cum,

1372 3172 1499 3222 Clero
1512 3204 1524 3224 ‚
1546 3168 1614 3218 sua
1627 3168 1877 3238 posseffione
1898 3170 2126 3219 deturbatis
2140 3202 2153 3223 ,
2173 3168 2363 3217 Lutherus

1372 3259 1473 3288 cum
1499 3243 1620 3287 nouis
1634 3237 1934 3307 professoribus
1953 3237 2191 3286 succederet
2202 3271 2216 3291 ,
2233 3252 2278 3282 ac
2287 3250 2367 3300 po·
2632 3284 2633 3306 3

1372 3309 1490 3378 pultis
1502 3308 1691 3356 crederet
1705 3341 1718 3361 ,
1739 3327 1833 3376 quae
1856 3306 2181 3357 Protestantium
2201 3302 2366 3350 domini
2632 3311 2633 3364 ᾗ
2672 3338 2675 3361 4

1369 3378 1595 3427 definirent
1610 3413 1620 3424 .
1659 3378 1750 3425 Hac
1772 3376 1842 3446 spe
1865 3381 2100 3425 Germanos
2122 3373 2326 3420 allicerant
2350 3404 2364 3424 ,
2632 3391 2633 3394 =

1371 3453 1412 3495 F
1414 3447 1621 3495 ridericum
1645 3451 1849 3494 Saxonem
1873 3443 2086 3512 praecipue
2097 3438 2244 3489 Alberto
2265 3441 2367 3487 Mo-

2630 3487 2632 3493 ,
2660 3461 2671 3491 f

1366 3519 1534 3583 guntino
1547 3512 1851 3582 Episcopatum
1865 3508 2246 3583 Magdeburgifum
2258 3509 2367 3554 inui-
2629 3520 2632 3599 l
2661 3513 2675 3575 Ξ

2630 3637 2631 3664 l

329 3582 726 3649 receptiffimumin
738 3581 1228 3646 aegritudineremedium
1241 3583 1320 3631 res-
1371 3585 1546 3632 dentem
1569 3622 1578 3631 .
1616 3584 1720 3630 Haec
1741 3582 1926 3650 reliquos
1947 3584 2181 3626 Germamae
2211 3577 2366 3643 princi—

331 3669 456 3720 puere
479 3646 790 3698 erubescerent:
814 3648 1018 3716 optabant
1039 3649 1209 3719 syncere
1240 3658 1322 3701 Ca-
1373 3670 1442 3720 pes
1454 3653 1679 3720 deceperat
1694 3687 1708 3706 ,
1730 3668 1776 3701 vt
1789 3668 1880 3698 tam
1890 3649 2006 3695 lautae
2018 3639 2116 3690 fidei
2145 3660 2367 3694 nonnemo

2169 3710 2293 3781 assem
