2675 3992
60 280 233 324 Anu-Sal.

64 330 167 362 ¹477·

696 185 926 248 Catena
951 175 1266 240 Historica.
1290 176 1417 240 Lib.
1431 174 1597 239 XLII.
1621 175 1840 261 CapJI.

2126 190 2230 251 113

2332 261 2499 293 Arm-Sal.

253 288 780 348 terceduntiniuriaemimiae
794 282 1002 330 charitatis
1023 277 1258 324 deliramen—
1318 295 1539 342 veramque
1565 276 1807 341 felicitatem
1841 276 1908 341 ‘ff'
1936 277 2116 342 genitum
2137 311 2146 320 .
2185 279 2323 342 *Neque
2336 311 2423 344 1477·

253 384 298 415 ta
310 378 525 411 vocantur..
563 355 812 418 Qanquam
824 353 965 414 lmper.
980 363 1016 394 te
1033 346 1179 395 hostem
1199 345 1258 406 ff

253 432 457 483 afflinem
468 422 696 488 &finftrtt
709 451 723 471 ,
735 435 780 465 tu
801 434 939 464 tamen
951 434 1040 461 eum
1051 433 1107 461 an
1118 412 1259 475 hostem

252 523 308 552 an
316 516 474 570 patrem
488 491 766 561 pientiffimum
779 483 969 552 appellare
981 482 1120 530 debeas
1135 514 1148 534 ,
1169 481 1259 550 hinc

254 568 421 632 intellige
434 601 444 609 .
466 566 491 608 l
491 582 516 607 n
526 573 637 606 tanto
661 553 750 603 belli
761 552 898 622 furore
910 570 958 599 ac
979 552 1150 616 vesania
1162 583 1175 603 ,
1188 562 1258 597 cci-¹

250 642 331 708 ptis
352 650 406 682 tot
426 627 581 676 vrbibus
595 658 608 677 ,
619 623 677 684 (ᾤ’
689 622 857 688 castellis
870 655 883 675 ,
894 621 1053 687 incensts
1063 636 1119 667 tot
1130 622 1233 665 vicis
1246 651 1259 671 ,

255 722 309 754 tot
320 704 441 751 etiam
452 692 672 746 hominibus
691 695 734 741 in
756 691 1027 758 captiuitatem
1049 686 1233 735 abdonis
1245 720 1258 741 ‚

256 784 439 835 occupata
451 764 615 829 denique
630 781 781 829 magna
797 759 1026 827 patrimonzj
1038 757 1113 823 fici
1122 772 1232 820 parte
1245 778 1265 801 ,ἡ

254 859 328 887 non
330 838 525 906 fhciorum
536 834 570 880 is
581 830 747 878 auxilia
759 827 982 877 conuocauit
994 858 1007 878 ‚
1020 845 1094 871 non
1095 822 1258 891 foecun-

254 907 356 955 dam
369 901 530 968 bellicos
518 918 613 966 amq
616 921 628 956 3
640 899 909 947 Germaniam
920 896 965 941 in
975 910 1011 941 te
1022 894 1232 941 concitauit
1244 912 1259 938 .·

257 996 334 1024 non
337 974 502 1040 suorum
515 968 690 1020 cohortes,
700 963 992 1029 auxiliaresque
1004 966 1164 1030 Imperzj
1176 966 1259 1025 ἵρ-

257 1045 375 1090 mani
387 1041 510 1106 copias
532 1070 546 1090 ,
557 1054 655 1102 quas
669 1031 843 1102 gratuito
857 1029 1114 1099 haberepotest
1126 1064 1139 1084 ‚
1150 1029 1262 1078 educi

253 1114 296 1159 iu
290 1114 372 1176 ffit‚
387 1129 462 1157 non
466 1105 571 1170 suas
581 1106 703 1151 etiam
714 1104 821 1149 vires
830 1098 970 1168 effudit
984 1121 996 1145 .·
1017 1102 1099 1146 vix
1113 1097 1262 1147 tumul-

252 1180 435 1228 tuariam
461 1173 689 1238 breuemque
714 1169 896 1238 peditum
920 1188 1092 1217 manum
1113 1170 1227 1235 coegit
1248 1200 1263 1220 ,

254 1265 382 1314 quam
389 1261 456 1310 per
469 1239 697 1309 oppidorum
715 1238 892 1306 praefidia
918 1237 1154 1302 distribueret
1167 1270 1180 1290 ‚
1215 1253 1264 1284 vt

252 1311 540 1380 aliquantisper
540 1309 620 1379 filij
619 1311 824 1376 fieuitiam
834 1324 1007 1356 coerceret
1021 1328 1032 1352 .·
1048 1327 1122 1354 non
1138 1303 1264 1367 hostis,

251 1403 327 1431 non
343 1380 503 1446 Cesaris
506 1380 607 1445 sum
619 1394 834 1446 apparatus
846 1378 919 1424 isti
933 1414 942 1422 .
956 1375 1123 1423 Proinde
1133 1372 1266 1421 indul-

249 1450 460 1519 gentiffimi
467 1449 641 1514 parentis
647 1448 894 1514 patientiam
908 1478 921 1497 ‚
934 1443 1129 1492 Matthia
1141 1476 1155 1495 ,
1165 1462 1266 1490 nunc

251 1537 381 1568 tecum
392 1516 602 1582 recognosce
620 1552 629 1561 .
668 1517 717 1561 Si
727 1532 850 1581 quam
860 1516 904 1559 in
915 1513 1109 1576 Caesarem
1121 1545 1135 1564 ‚
1155 1510 1215 1571 (ᾤ’
1225 1512 1268 1558 in

252 1584 481 1648 Australem
486 1599 643 1650 gentem
668 1585 774 1629 iram
795 1582 1004 1649 concepisti
1017 1613 1032 1633 ,
1066 1582 1156 1627 iam
1176 1582 1267 1627 iam

253 1653 443 1720 compesce
457 1685 471 1706 ‚
495 1657 592 1715 Rex
604 1649 855 1717 inuiffiiifflme
868 1671 881 1695 .·
904 1668 952 1697 ac
977 1647 1107 1697 veluti
1130 1664 1269 1697 ceteros

254 1725 378 1774 armis
390 1721 450 1782 (ᾤ’
460 1722 610 1768 virtute
624 1754 638 1773 ,
662 1722 725 1767 ita
737 1740 840 1767 nunc
852 1716 1061 1767 clementia
1071 1717 1133 1780 ψ
1140 1716 1269 1785 probi-

253 1809 336 1842 tate
358 1792 473 1838 vince
487 1827 497 1836 .
524 1795 559 1836 C
560 1789 619 1855 af
607 1808 751 1836 aream
763 1786 1111 1853 mansuetudinem
1132 1786 1194 1849 ff*
1207 1784 1249 1834 be

255 1861 496 1928 nignitatem
517 1857 698 1905 emulare
722 1892 736 1912 ,
773 1878 839 1905 nec
853 1854 1110 1925 fortitudinis
1140 1858 1272 1923 magis

257 1926 383 1994 qudm
397 1925 660 1992 misericordia
682 1926 843 1974 laudem
864 1925 1061 1992 affiquare
1075 1964 1085 1972 .
1122 1925 1270 1990 Qan-

259 2010 349 2042 tam
355 1994 481 2060 gloria
502 1992 711 2040 iai-iuram
730 2015 782 2040 ex
794 1997 870 2041 ift‘o
883 1993 977 2041 bello
979 1993 1140 2060 feceris,
1145 1992 1265 2061 faci-

262 2061 342 2110 lius
364 2062 495 2129 conqci
514 2058 639 2126 queim
653 2059 733 2106 dici
750 2060 864 2127 potest
889 2097 898 2106 .
933 2060 1052 2124 Qid
1060 2063 1274 2126 fitmmum

264 2132 492 2197 Pontificem
505 2162 518 2182 ‚
528 2126 627 2195 quid
626 2128 819 2192 senatum
832 2126 1201 2195 Apostolicum,quid
1211 2147 1266 2177 to-

263 2214 352 2245 tam
363 2196 535 2243 ltaliam
539 2229 552 2248 ,
563 2195 664 2261 quid
674 2197 885 2262 vniuerflts
906 2201 942 2242 C
942 2194 1136 2258 hristianae
1153 2199 1270 2263 Reip.

262 2266 446 2313 ciuitates
470 2262 517 2310 de
536 2280 572 2310 te
588 2262 782 2312 locuturas
805 2263 1016 2325 existimas
1028 2270 1050 2309 ?
1071 2262 1177 2311 Cum
1189 2265 1217 2311 d
1238 2281 1274 2312 te

262 2337 383 2396 Rom.
397 2336 695 2400 Imperatorem,
707 2332 767 2393 ᾖ
780 2330 869 2379 cum
881 2330 955 2378 duo
956 2334 1040 2398 sint
1045 2332 1175 2399 gladij
1182 2365 1194 2385 ,
1205 2332 1272 2379 al-

263 2418 389 2448 terum
401 2402 577 2448 immani
589 2400 681 2449 bello
688 2403 814 2467 premi
835 2402 1011 2448 nouerint
1025 2406 1047 2446 ?
1069 2404 1109 2446 F
1111 2400 1168 2466 ilq
1181 2419 1274 2467 quo-

261 2488 333 2539 que
343 2467 526 2537 adoptati
538 2489 675 2517 nomen
686 2505 701 2528 ‚
719 2470 843 2517 multo
847 2467 938 2535 plus
944 2471 1193 2534 grauitatem
1197 2466 1268 2533 fa·

263 2539 403 2587 cinoris
414 2538 669 2605 exaggerabit
691 2576 700 2585 .
742 2541 811 2584 En
832 2535 901 2599 iste
924 2536 1165 2585 Christiana
1171 2535 1276 2604 fidei

259 2622 513 2672 propugnator
523 2623 560 2653 et
570 2605 746 2659 vindex,
759 2608 828 2673 qui
839 2603 1152 2666 Ch›·1stian0rum
1162 2607 1273 2674 prin-

265 2675 403 2739 cipem,
415 2673 473 2741 &J
485 2673 752 2723 humanarum
762 2694 892 2723 rerum
904 2672 1204 2727 moderatorem,
1231 2693 1276 2720 u-

264 2760 340 2789 rore
356 2740 445 2808 plus
465 2741 587 2807 qudm
597 2743 769 2792 humano
773 2744 1038 2811 perfi’quitur.
1081 2741 1249 2791 Proinde
1263 2776 1278 2796 ,

264 2814 362 2872 Rex
374 2807 515 2872 inclyte
520 2812 711 2876 ‚resipisce‚
721 2812 795 2861 hac
805 2829 842 2861 te
852 2811 1082 2879 infamiam
1093 2832 1192 2860 exue
1196 2813 1279 2879 ,qui

262 2894 448 2947 perpetua
458 2874 594 2939 studes
614 2879 909 2929 immortalitati
933 2918 942 2927 .
982 2879 1102 2947 Qid
1127 2900 1276 2948 aequum

265 2946 327 3009 Θ
335 2944 461 3013 fasfit
473 2945 684 3011 recognosce
695 2948 888 2998 Matthia
909 2971 922 2996 :
957 2952 1027 3017 qui
1044 2949 1132 3016 plus
1151 2950 1277 3016 qua'm

267 3016 392 3063 ceteri
396 3015 589 3083 principes
614 3047 627 3067 ‚
652 3015 739 3062 iam
750 3015 887 3081 sapere
898 3018 1001 3083 soles
1015 3056 1024 3065 .
1063 3024 1136 3066 Pro
1149 3017 1278 3066 illatis

267 3085 437 3151 irtiurijs
460 3083 534 3149 stit
555 3099 640 3130 erat
659 3100 792 3129 vnam
813 3082 1036 3135 alteramve
1068 3088 1279 3134 ciuitatem

266 3154 312 3200 in
332 3168 454 3199 tuam
464 3150 655 3201 ditionem
675 3154 833 3217 asserere
855 3183 868 3203 ,
891 3172 964 3199 non
984 3156 1120 3202 omnia
1141 3155 1276 3220 misce-

1316 362 1587 391 communtum
1616 343 1946 391 incommodorum
1975 346 2076 391 ratio
2091 358 2317 409 praetermit-

1314 410 1435 459 tenda
1455 409 1505 472 est
1519 446 1528 454 .
1567 412 1738 456 Maiora
1751 412 1771 474 ζ
1781 415 1865 476 quis
1888 415 2038 478 ignorat
2051 418 2072 458 ?
2083 412 2104 476 )
2117 432 2183 458 nos
2196 410 2316 458 detri-

1314 495 1453 527 menta
1462 479 1647 546 patimur
1661 511 1673 529 ,
1696 496 1814 542 neque
1824 499 1891 526 vos
1903 497 2036 526 tamen
2057 478 2233 527 multum
2252 478 2314 528 hic

1316 544 1553 615 lucrifacere
1564 543 1825 599 arbitramur.
1854 550 1963 592 Hinc
1977 549 2024 592 V
2014 569 2038 593 n
2036 552 2153 614 garia
2164 549 2318 597 exhau-

1314 619 1412 664 ritur
1425 649 1437 668 ,
1457 615 1545 664 hinc
1558 611 1775 666 incenditur
1796 612 1959 674 Austria
1974 650 1983 659 .
2017 620 2208 669 Demeam,
2219 614 2317 684 quid
2372 662 2375 665 ,

1305 684 1454 753 feceris
1465 717 1479 737 ‚
1500 682 1560 743 ff
1571 680 1668 748 quid
1677 682 1789 746 regno
1802 679 1997 727 vtilitatis
2007 683 2183 732 attuleris
2194 719 2208 738 ,
2229 686 2318 733 exi-

1316 771 1379 801 tus
1390 752 1471 819 ipse
1483 749 1628 799 docebit
1643 787 1652 796 .
1692 750 1846 797 inuitis
1855 768 1963 797 nemo
1983 748 2057 795 diu
2076 751 2281 815 imperauit
2304 772 2317 798 .·

1317 821 1375 869 nil
1387 820 1608 884 violentum
1618 834 1768 865 natura
1778 820 1863 865 iure
1869 814 2093 884 perdurabit
2113 838 2294 884 vnquam
2305 853 2320 874 ,

1311 891 1543 958 ficfiumptus
1555 886 1762 935 cluduntur
1774 921 1787 940 ,
1810 887 1871 948 ff·
1881 904 1991 953 opera
2012 906 2025 931 .·
2049 886 2106 951 sic
2118 905 2223 933 cruor
2234 888 2321 935 hinc

1318 959 1478 1021 &hinc
1499 980 1516 1004 e
1550 954 1710 1004 unditur
1734 975 1747 1000 .·
1770 955 2064 1024 stcpoenitentia
2085 952 2257 1001 mordax
2279 957 2323 1001 in

1319 1031 1472 1077 animos
1507 1024 1632 1089 rustra
1643 1023 1801 1089 desaeuit
1813 1063 1821 1072 .
1860 1029 2019 1091 quta
2029 1021 2254 1090 quandoque
2265 1039 2324 1069 te-

1319 1117 1409 1145 cum
1411 1097 1582 1164 fortuna
1592 1095 1835 1142 varietatem
1857 1128 1871 1147 ,
1906 1094 1970 1139 cui
1980 1091 2249 1157 nemofitpiens
2260 1091 2325 1138 ni-

1319 1168 1397 1214 mis
1409 1161 1644 1213 credendum
1665 1165 1736 1229 esse
1747 1163 1894 1229 censuit
1906 1194 1919 1215 ‚
1952 1160 2013 1222 (ff
2034 1162 2119 1228 quis
2137 1161 2218 1206 eius
2234 1161 2326 1226 insi-

1319 1235 1412 1283 dias
1421 1233 1484 1295 (ψ’
1488 1231 1661 1301 pericula
1672 1248 1707 1279 te
1720 1231 1865 1280 melius
1876 1228 2099 1296 confiderare
2113 1230 2219 1295 pofflt
2230 1263 2243 1283 ,
2264 1230 2328 1274 in-

1321 1306 1432 1352 uenio
1452 1303 1651 1351 neminem
1673 1338 1682 1347 .
1719 1299 1932 1349 Meditare
1945 1332 1959 1352 ,
1992 1295 2328 1365 quemadmodum

1321 1389 1414 1421 ante
1434 1389 1595 1438 regnum
1609 1403 1623 1422 ,
1645 1368 1797 1435 &possi
1808 1386 1933 1416 tecum
1945 1365 2175 1433 quandoque
2185 1365 2258 1413 illa
2258 1363 2329 1431 fe-

1323 1443 1415 1490 cerit
1429 1462 1441 1486 .·
1477 1437 1718 1501 &aliorum
1739 1456 1885 1504 quoque
1904 1437 2011 1482 vires
2027 1436 2175 1501 penstta
2197 1472 2205 1480 .
2244 1439 2329 1480 Pa-

1323 1527 1433 1558 terna
1454 1507 1530 1557 tibi
1553 1509 1738 1555 animum
1762 1506 1975 1555 tolerantia
2005 1521 2142 1570 augere
2163 1522 2238 1550 non
2260 1500 2328 1549 de-

1323 1577 1382 1626 bet
1397 1602 1411 1625 :
1449 1598 1516 1625 nec
1529 1611 1542 1630 ,
1556 1574 1656 1643 quod
1662 1576 1807 1642 pietati
1827 1574 2090 1642 &patientia
2110 1569 2331 1638 adscriben-

1321 1647 1420 1695 dum
1442 1651 1502 1695 est
1520 1679 1534 1699 ,
1569 1642 1616 1691 id
1646 1643 1912 1692 imbecillitati
1932 1677 1945 1697 ,
1977 1639 2213 1707 negligentia
2235 1672 2250 1692 ‚
2285 1658 2331 1688 ac

1321 1719 1455 1765 animi
1474 1714 1697 1783 exiguitati
1723 1711 1997 1761 tribuendum.
2036 1708 2173 1774 Paffiis
2192 1707 2243 1772 est
2262 1707 2333 1758 huc

1321 1786 1443 1854 vfique
1458 1790 1493 1831 C
1494 1786 1554 1853 aes
1542 1804 1589 1833 ar
1604 1816 1617 1837 ,
1629 1783 1828 1850 finitimos
1841 1779 1949 1828 vobis
1961 1779 2124 1826 iniurios
2144 1813 2158 1833 ,
2191 1777 2250 1838 ff*
2266 1777 2334 1843 fibi

1319 1873 1462 1922 parum
1475 1851 1772 1919 obtemperantes
1784 1884 1797 1904 ,
1810 1851 1839 1897 d
1849 1866 1884 1898 te
1896 1847 2123 1913 haudfi’cus
2137 1880 2150 1900 ,
2161 1865 2209 1894 ac
2232 1844 2261 1892 d
2275 1849 2333 1913 fi-

1324 1924 1374 1972 lio
1395 1922 1578 1990 castigari
1597 1937 1643 1968 tu
1660 1939 1803 1988 quoque
1819 1935 1949 1986 patere
1963 1951 1977 1972 ‚
2006 1915 2203 1964 Matthia
2224 1914 2333 1963 beni-

1319 1995 1495 2061 gniffime
1519 2028 1533 2048 ,
1569 2014 1614 2042 ne
1629 2007 1842 2038 caeterorum
1853 1987 2118 2037 innocentiam
2132 1982 2308 2052 offendas
2320 2016 2335 2037 ,

1324 2061 1375 2110 ab
1396 2060 1459 2110 hoc
1476 2060 1567 2111 bello
1585 2077 1751 2129 paterna
1774 2079 1865 2106 voce
1875 2056 2047 2105 reuocari
2060 2092 2069 2100 .
2108 2053 2235 2118 Casar
2260 2051 2333 2100 huc

1325 2132 1450 2196 vfique
1463 2135 1551 2180 veri
1567 2130 1697 2199 patris
1708 2126 1776 2176 vel
1785 2123 2109 2192 indulgentifflmi
2132 2119 2334 2187 compleuit

1325 2197 1492 2258 officium
1516 2221 1529 2246 .·
1565 2216 1610 2247 tu
1615 2195 1721 2264 probi
1728 2195 1822 2262 filis
1843 2192 2021 2239 decorum
2044 2187 2199 2253 obfi’rua
2213 2225 2222 2235 .
2259 2185 2334 2235 Ille

1326 2282 1374 2312 vt
1384 2268 1479 2331 Cas
1467 2285 1514 2313 ar
1527 2299 1540 2320 ,
1559 2280 1724 2331 vtpater
1736 2296 1750 2316 ‚
1760 2278 1810 2308 vt
1821 2277 1918 2308 tutor
1929 2257 2056 2307 adhuc
2076 2273 2166 2306 tuus
2180 2292 2194 2312 ‚
2230 2255 2276 2303 de
2300 2272 2335 2303 te

1325 2332 1470 2398 optime
1483 2336 1664 2385 meritus,
1675 2329 1853 2398 deponere
1863 2346 1982 2376 arma
2003 2325 2105 2375 iubet
2119 2346 2132 2372 :
2159 2324 2338 2373 caeterum

1327 2401 1503 2448 hortatur
1514 2436 1528 2454 ‚
1547 2399 1701 2460 orat&
1714 2398 1952 2450 obtestatur,
1970 2393 2129 2463 quando
2147 2395 2251 2460 fatis
2262 2392 2340 2459 su-

1323 2484 1459 2534 perque
1459 2470 1648 2532 sauitum
1657 2467 1709 2531 est
1721 2488 1732 2512 .·
1770 2483 1814 2512 tu
1834 2463 1971 2512 contrd
1985 2502 1997 2520 ‚
2016 2465 2081 2510 vti
2081 2464 2199 2531 filius
2213 2497 2225 2516 ‚
2257 2479 2338 2528 pa-

1328 2554 1443 2584 terna
1454 2538 1559 2603 iussa
1571 2535 1711 2600 capeffi’
1724 2554 1737 2579 ε
1773 2551 1821 2580 ac
1833 2548 2017 2579 exoratus
2032 2531 2207 2598 precibus
2218 2564 2232 2584 ‚
2266 2528 2333 2574 vl-

1329 2603 1383 2653 tro
1393 2604 1487 2653 cade
1501 2643 1510 2652 .
1534 2602 1712 2651 ‘Nullam
1724 2600 1797 2648 tibi
1804 2599 1972 2668 gloriam
1984 2599 2028 2646 id
2039 2598 2184 2648 bellum
2196 2597 2315 2668 affert
2325 2630 2340 2650 ,

1327 2671 1482 2742 quando
1487 2671 1620 2741 facile
1631 2674 1691 2719 eft*
1703 2672 1858 2721 vincere
1870 2690 1944 2717 non
1953 2685 2231 2736 repugnantem
2245 2684 2339 2733 :pa-

1329 2760 1461 2791 ternus
1475 2740 1519 2790 id
1528 2760 1639 2790 amor
1652 2774 1665 2794 ‚
1685 2740 1888 2808 pietasque
1901 2737 2046 2786 inhibet
2073 2771 2086 2791 ‚
2122 2757 2239 2799 neque
2259 2734 2339 2780 vllo

1329 2810 1440 2860 modo
1456 2812 1611 2878 patitur
1624 2828 1717 2858 cum
1732 2823 1854 2874 gnato
1876 2822 2017 2855 certare
2042 2827 2054 2851 :-
2091 2802 2252 2853 mauult
2265 2820 2342 2871 pa-

1329 2883 1363 2929 ti
1384 2914 1398 2934 ,
1434 2878 1560 2947 qudm
1574 2895 1788 2947 paternum
1808 2895 1947 2924 nomen
1971 2894 2109 2927 exuere
2131 2895 2146 2920 .·
2181 2870 2343 2920 mauult

1330 2969 1384 2998 ex
1390 2952 1533 3015 pietate
1543 2947 1670 3015 qudm
1681 2944 1831 2994 viribus
1839 2943 2044 3012 praedicari
2058 2966 2071 2990 .·
2083 2945 2128 2991 in
2138 2958 2314 2990 externos
2329 2972 2341 2992 s

1332 3038 1407 3066 non
1428 3020 1472 3065 in
1483 3016 1626 3084 filium
1646 3020 1820 3078 Roman.
1835 3017 1993 3081 Impertj
2014 3015 2120 3060 vires
2141 3010 2312 3074 affiruat
2328 3028 2341 3052 .-

1330 3084 1432 3153 quod
1452 3087 1597 3152 quanti
1632 3084 1822 3130 momenti
1840 3084 1895 3148 sit
1907 3116 1921 3136 ,
1957 3098 2002 3128 tu
2022 3099 2193 3148 quoque,
2212 3081 2282 3123 M
2284 3093 2344 3124 it-

1331 3154 1421 3203 thia
1428 3152 1719 3220 prudentiffime
1732 3184 1745 3204 ,
1775 3171 1851 3198 non
1872 3152 2029 3216 ignoras
2045 3169 2059 3195 :
2093 3168 2170 3196 non
2190 3148 2317 3193 armis
2331 3178 2344 3198 ‚

266 3241 308 3269 re
321 3240 336 3266 ·‘
372 3240 448 3268 non
459 3218 534 3267 tibi
544 3222 730 3267 animum
741 3216 918 3266 inducere
931 3253 944 3272 ³
960 3237 1025 3285 pro
1037 3223 1201 3271 modicis
1220 3242 1277 3271 er-
1320 3221 1398 3289 ftd
1404 3239 1572 3289 paterna
1578 3220 1779 3286 patientia
1800 3235 1916 3265 tuam
1930 3215 2192 3266 iracundiam
2213 3214 2311 3280 Cas
2299 3232 2345 3261 ar

269 3286 412 3337 roribus
437 3286 550 3336 licere
574 3286 647 3335 tibi
668 3290 803 3336 omnia
822 3305 1001 3355 occupare
1024 3321 1038 3340 ,
1059 3288 1203 3338 diuina
1221 3291 1280 3351 (ᾤ’

271 3358 455 3407 humana
467 3355 697 3423 confundere
714 3394 722 3402 .
738 3355 892 3404 Delicta
907 3376 983 3404 non
996 3355 1102 3403 debet
1115 3358 1279 3420 cffigra—

271 3426 480 3493 uiorpoena
494 3465 503 3473 .
542 3429 750 3474 Memento
760 3442 797 3473 te
811 3423 1017 3472 mortalem
1030 3425 1045 3476 ‚¹
1078 3443 1124 3471 ae
1133 3427 1280 3491 princi-

266 3509 357 3562 pem
377 3514 453 3542 non
464 3493 523 3543 ad
531 3497 709 3543 exitium
723 3528 738 3548 ,
762 3491 838 3561 fid
853 3495 1033 3560 gentium
1040 3491 1213 3555 salutem
1223 3494 1279 3557 efi

263 3559 462 3624 finatum
484 3585 498 3609 :
533 3562 681 3625 &non
703 3561 760 3611 ad
782 3561 1038 3625 tyrannidem
1060 3595 1074 3614 ,
1085 3559 1280 3628 futilem-

274 3629 520 3700 quegloriam
533 3631 651 3748 ‚Tsed
659 3631 938 3747 aldslalutarem
944 3627 1280 3698 gubernationem,

587 3721 661 3749 om.
711 3705 735 3748 I
763 3739 773 3748 .

1333 3289 1579 3339 vtneendam
1588 3289 1655 3353 effi
1665 3286 1788 3334 duxit
1799 3324 1808 3333 .
1847 3285 2093 3350 Qinetiam
2116 3285 2232 3346 &in
2245 3283 2345 3332 hanc

1334 3361 1605 3408 Germaniam
1612 3356 1869 3424 suspicionem
1879 3354 2026 3403 incidit
2038 3388 2053 3408 ‚
2090 3351 2183 3404 cum
2195 3355 2235 3419 ip
2231 3351 2278 3419 ft
2289 3352 2341 3397 ti-

1336 3426 1375 3472 bi
1385 3448 1457 3474 non
1477 3442 1659 3492 repugnet
1670 3457 1685 3478 ,
1719 3423 1766 3471 id
1784 3443 1838 3472 ex
1860 3426 2050 3492 composito
2074 3422 2217 3471 bellum
2233 3419 2336 3485 geri.

1336 3493 1474 3559 Qare
1485 3496 1653 3561 Casareo
1674 3527 1688 3547 ‚
1714 3510 1948 3560 paternoque
1977 3495 2134 3541 nomine
2156 3507 2193 3537 te
2215 3504 2340 3534 mone·

1334 3581 1423 3609 mus
1427 3562 1656 3615 hortamur,
1660 3578 1942 3627 precamurque
1945 3579 2009 3615 ,vt
2023 3577 2144 3607 arma
2155 3556 2341 3620 deponas,

1335 3631 1507 3680 iniurias
1517 3650 1646 3681 omnes
1655 3630 1810 3679 hostiles
1821 3628 1999 3677 inhibeas
2011 3660 2026 3681 ‚
2046 3625 2104 3673 ad
2110 3622 2341 3690 fizlutarem

1910 3696 1942 3739 P
2135 3707 2276 3758 pacem
