2675 3992
898 219 1073 284 Liber
1113 217 1226 284 XL
1240 218 1280 281 Ι.
1365 220 1584 303 Cap.1.
2016 239 2050 300 3

219 330 222 331 *
300 321 925 417 ALBERTVS
982 321 2132 414 11.HoNoR1F1<:vs
2224 428 2226 431 ψ

112 624 181 657 Sat.
189 625 280 657 Arm.

160 1642 235 1676 141¹

161 2569 239 2625 1438

510 455 1109 523 OCCIDENTIS
1152 451 1728 525 IMPERATOR
1770 458 1935 524 XLI.

670 591 888 636 Hastenus
911 587 1105 636 homines
1129 604 1277 635 natura
1300 593 1448 657 genuit
1463 624 1476 643 ‚
1513 606 1626 635 nunc
1650 591 1764 635 Deos

502 661 541 706 A
565 654 778 728 trigesima
799 656 1057 724 Olympiade
1078 655 1212 723 {urgit
1235 660 1278 703 in
1301 657 1497 725 Olympo
1520 656 1728 724 Diespiter
1752 656 1929 704 Austriae

691 726 1063 772 ALBERTVS
1108 727 1173 774 II.
1223 726 1726 773 HONORIFICVS
1744 762 1752 770 .

476 799 568 843 Nec
590 791 683 862 post
705 791 906 859 Rudolphi
926 796 1157 840 Fortunam
1178 796 1490 860 Primigeniam,
1513 796 1695 839 Fortuna
1723 797 1963 854 Reuertcns,

838 862 1003 907 Minori
1028 877 1195 929 poterat
1217 863 1389 928 concipi
1414 859 1563 908 saeculo
1579 898 1588 907 .

773 927 924 975 Albern‘
953 929 1028 976 IV
1059 928 1289 976 M'rabilia
1320 928 1483 976 Mundi
1516 927 1622 975 filius
1645 961 1662 982 ,

828 995 981 1044 Alberci
1003 1002 1025 1043 I
1028 1001 1075 1044 ll
1080 1035 1088 1044 .
1114 1000 1253 1045 Patriae
1274 1000 1410 1045 Patris
1430 1014 1560 1064 nepos
1574 1031 1588 1051 ‚

849 1063 1001 1113 Albertz'
1020 1070 1084 1114 Il.
1107 1067 1303 1133 Sapientis
1324 1083 1535 1133 pronepos
1549 1099 1564 1119 ,

810 1131 961 1180 Alberti
981 1138 1019 1180 l.
1052 1134 1370 1201 Triumphatoris
1402 1132 1586 1201 abnepos
1601 1167 1619 1187 ‚

659 1201 1029 1251 ALBERTvs
1064 1201 1208 1271 prodit
1244 1202 1745 1250 HONORIFICVS
1765 1239 1779 1252 .

802 1274 886 1317 Suo
907 1274 1001 1318 “Non
1022 1291 1074 1319 ex
1096 1269 1221 1321 alieno
1243 1273 1419 1317 nomine
1438 1268 1592 1317 docens
1607 1305 1620 1325 ‚

689 1337 889 1385 Honores
912 1337 1133 1385 Austriacis
1156 1355 1244 1385 non
1265 1356 1316 1385 ex
1338 1336 1550 1385 miraculis
1571 1338 1712 1386 nasci.

812 1405 1054 1453 Nascuntur
1078 1406 1148 1454 hic
1171 1410 1306 1474 Reges
1319 1428 1331 1464 ς
1354 1404 1450 1454 alibi
1472 1404 1608 1453 fiunt:

874 1477 1088 1524 Creantur
1108 1475 1173 1539 alij
1189 1510 1202 1529 ‚
1227 1475 1272 1522 hi
1293 1492 1573 1544 generantum

734 1542 787 1590 In
810 1558 1008 1590 naturam
1029 1543 1208 1591 Familiae
1230 1543 1435 1592 conuerso
1447 1542 1658 1592 Miraculo
1671 1582 1682 1592 .

993 1611 1077 1660 Sub
1101 1610 1227 1659 tutela
1250 1613 1401 1681 degens
1415 1645 1429 1666 ,

704 1680 871 1726 Natura
892 1681 1210 1735 inuita‚curam
1231 1699 1376 1750 gerens
1399 1683 1725 1750 prouinciarum

566 1749 647 1806 Ero
667 1749 784 1795 annis
805 1765 930 1795 canos
953 1746 1100 1797 habuit
1114 1782 1127 1803 ,
1148 1767 1236 1797 non
1252 1751 1318 1798 die
1333 1786 1346 1806 ‚
1367 1748 1434 1797 sed
1457 1753 1614 1799 virtute
1635 1765 1824 1800 maturos
1841 1789 1852 1799 ,

783 1817 845 1863 Vt
867 1815 1057 1884 Angusta
1080 1834 1198 1865 aetate
1221 1810 1414 1889 Augusto
1435 1837 1616 1888 corpore
1630 1853 1643 1874 ,

895 1887 1044 1934 Minor
1064 1886 1279 1935 excederet
1307 1891 1486 1936 maiores
1501 1926 1511 1935 .

679 1960 823 2003 Canos
844 1971 933 2002 non
953 1954 1010 2003 ob
1027 1973 1160 2005 annos
1181 1959 1331 2005 mestus
1345 1992 1358 2012 ,
1379 1955 1448 2005 sed
1472 1974 1573 2005 cum
1594 1972 1716 2004 natus
1728 1956 1745 2011 ,’

634 2022 899 2092 Retrograde
928 2026 1075 2074 viuens
1100 2060 1114 2080 ‚
1144 2028 1241 2076 vitre
1276 2025 1428 2098 gradus
1463 2044 1552 2074 non
1585 2026 1790 2094 agnouitj

666 2089 872 2156 Ingressus
896 2109 999 2140 cum
1020 2093 1232 2142 maiestate
1252 2099 1299 2143 in
1319 2096 1486 2144 Orbem
1509 2112 1718 2142 terrarum
1731 2127 1747 2148 ,

746 2157 970 2206 Exultauic
988 2178 1037 2207 vt
1054 2166 1170 2226 gigas
1190 2161 1249 2211 ad
1268 2164 1501 2213 currendam
1522 2167 1642 2211 viam
1656 2195 1673 2216 ,

879 2224 944 2272 Ab
965 2225 1122 2289 Austrio
1142 2229 1241 2277 Calo
1262 2235 1401 2298 egreffio
1419 2236 1502 2281 eius
1517 2269 1526 2278 .

637 2290 752 2340 Atlas
776 2310 879 2340 cum
903 2292 1079 2342 Austriae
1100 2294 1268 2343 Orbem
1288 2298 1502 2345 sustulisset
1520 2301 1566 2344 in
1589 2298 1784 2344 humeris

536 2361 684 2408 Pacem
705 2360 882 2411 subditis
898 2394 910 2414 ‚
922 2358 1110 2409 subditos
1128 2362 1310 2409 Austriae
1323 2397 1336 2417 ,
1349 2364 1561 2411 Austriam
1581 2363 1658 2412 sibi
1680 2361 1859 2412 restituit
1875 2403 1885 2413 .

826 2427 1002 2477 Sublimi
1026 2447 1207 2499 corpore
1227 2429 1448 2478 sublimior
1463 2433 1597 2479 virtus

535 2496 625 2545 Diti
645 2497 844 2547 abscondi
867 2515 954 2545 non
977 2502 1120 2566 potuit
1133 2531 1146 2553 ‚
1166 2497 1377 2546 Caesarem
1397 2498 1543 2546 habuit
1566 2497 1867 2547 bucinatorem
1880 2538 1890 2546 .

770 2572 887 2634 Exqt
909 2564 1086 2616 ediffum
1106 2567 1131 2615 :i
1159 2566 1430 2635 Sigismundo
1453 2565 1623 2636 Augusto
1636 2598 1652 2620 ,

637 2636 690 2684 Vc
703 2634 784 2700 sub
807 2638 845 2682 A
857 2637 892 2682 L
904 2637 936 2681 Β
947 2638 980 2682 E
991 2638 1031 2685 R
1045 2638 1087 2683 T
1101 2641 1144 2685 O
1164 2635 1424 2701 describeretur
1445 2634 1649 2701 vniuerfhs
1670 2632 1785 2681 Orbis
1801 2673 1810 2683 .

468 2706 560 2752 Nec
571 2703 688 2752 aliter
699 2702 1030 2772 Rempublicam
1040 2701 1132 2752 fore
1144 2703 1325 2758 beatam,
1339 2708 1384 2756 ni
1394 2707 1624 2774 imperaret
1639 2704 1953 2752 ALBERTVS.,

758 2775 855 2819 Eius
876 2771 1016 2840 gladio
1037 2771 1189 2821 Caeiari
1209 2772 1399 2820 restituta
1420 2772 1650 2825 Bohemia,

705 2841 902 2909 Dignum
917 2840 1077 2889 Caesare
1094 2839 1329 2911 reportauit
1353 2860 1507 2889 munus
1518 2863 1531 2899 3
1553 2839 1685 2888 filiam
1701 2873 1717 2894 ,

840 2909 934 2955 Filia
957 2914 1130 2978 Regna,
1156 2914 1303 2978 Regna
1324 2912 1583 2978 Imperium.

680 2977 823 3026 Aureo
846 2977 985 3026 imbre
1008 2995 1088 3024 tres
1108 2977 1164 3026 illi
1185 2996 1361 3026 coronas
1384 2982 1579 3025 Minerua
1600 2973 1708 3043 pluit
1721 3009 1736 3030 ,

872 3046 893 3111 (
908 3047 1042 3094 Plures
1062 3044 1222 3095 forsam
1245 3065 1332 3094 non
1356 3045 1536 3113 habuit)

625 3115 687 3160 Vt
709 3116 869 3180 primus
889 3118 934 3162 in
954 3113 1072 3163 Orbe
1095 3132 1157 3163 ter
1183 3133 1269 3164 vno
1289 3130 1565 3162 coronaretur
1586 3115 1632 3160 in
1655 3128 1769 3158 anno
1785 3149 1794 3158 .

554 3183 671 3230 Inter
694 3186 929 3229 Germaniae
951 3185 1164 3252 Principes
1186 3182 1341 3252 Aquila
1362 3182 1436 3231 diu
1456 3198 1603 3296 vafita
1625 3184 1822 3229 Romana
1838 3216 1852 3236 ‚

521 3253 586 3299 Ita
605 3251 658 3299 ad
694 3254 731 3298 A
745 3254 781 3298 L
795 3252 1025 3297 BERTV
1038 3255 1090 3297 M
1126 3254 1242 3301 venit
1255 3285 1270 3305 ,
1293 3268 1338 3301 vt
1360 3250 1399 3298 se
1422 3253 1491 3298 Au
1530 3252 1684 3297 riacam
1704 3243 1886 3307 facere-‘25

909 3316 1061 3365 Recifis
1081 3318 1151 3365 alis
1166 3353 1179 3373 ,
1197 3337 1249 3366 ne
1272 3319 1501 3367 recederet.

857 3387 954 3432 Eius
974 3382 1005 3430 fi
1026 3403 1218 3433 numeres
1247 3405 1378 3436 annos
1399 3401 1413 3439 ?
1450 3387 1570 3437 breui

961 3455 1000 3500 Si
1021 3453 1201 3522 pendas?
1226 3458 1334 3504 vixit
1356 3455 1430 3504 diu
1447 3494 1458 3503 .

795 3523 957 3586 Biennij
979 3521 1175 3590 angustijs
1201 3527 1384 3591 aequauit
1409 3524 1609 3581 decadas>

831 3589 996 3637 Subaffi
1007 3595 1208 3637 Sarmatae
1221 3624 1235 3644 ‚
1247 3597 1290 3636 ὃς
1318 3590 1563 3640 Thaboritae
1579 3627 1595 3648 ,

794 3662 935 3707 Fecere
964 3657 1159 3706 semitam
1187 3657 1242 3707 ad
1271 3676 1434 3708 metam
1468 3660 1636 3730 gloriae.

1584 3734 1625 3778 A
1696 3752 1721 3779 2
1858 3731 2045 3793 Septem-

2258 632 2331 665 111.

2155 740 2286 777 Alberti
2294 745 2334 776 II.
2343 744 2465 776 natalia

2133 1608 2414 1693 Austriaellxz‘e‘aeenas
2423 1649 2473 1690 fu-

2126 1692 2216 1777 {Wit-
2223 1704 2293 1725 cum
2304 1692 2473 1724 duodennis

2276 1843 2318 1876 V.

2134 1887 2257 1921 Forma
2274 1889 2423 1930 corporis-

2133 2519 2233 2562 Caesar
2250 2480 2421 2562 dYfiffiinasur
2428 2526 2470 2559 ab

2135 2572 2238 2595 antece
2261 2574 2326 2596 ore.

2257 2884 2287 2914 V
2299 2883 2311 2914 1
2324 2881 2346 2913 1.

2131 2925 2217 2958 onr
2227 2922 2361 2958 Albern‘,

2232 3000 2262 3033 V
2275 3000 2287 3032 I
2299 3000 2311 3031 1
2322 2999 2346 3031 1.

2125 3043 2196 3076 Vita
2218 3038 2319 3075 breuis
2335 3063 2343 3073 .

2126 3613 2225 3658 Casar
2241 3573 2359 3657 εῙΙιζξίῖκν
2370 3638 2378 3647 .
