2675 3992
667 183 898 246 Catena
911 175 1225 239 Historica.
1271 176 1601 240 Lib.XLII.
1644 176 1800 260 Cap.
1846 175 1910 238 11.

36 282 207 334 mussat.
220 286 369 334 leniuit
401 281 510 333 Filiae'
532 283 798 333 intermedio,
822 278 976 325 Alberfi
997 279 1239 331 Dcmlssio,

42 343 127 384 ¹437·
220 355 391 405 Vltionis
415 350 663 405 omittendae
687 347 906 395 neceffitas
924 379 938 400 ‚
975 362 1077 391 cum
1098 344 1242 394 Caesar

2119 195 2230 253 129

1295 277 1422 343 longe
1436 277 1740 324 honestioriaus
1755 277 1867 324 bellis
1898 291 2120 342 Vrgeretur
2133 308 2146 328 ,
2160 276 2308 342 praeci-
2327 285 2492 322 Amasi&

1295 344 1376 412 pue
1388 345 1643 411 Hungaricis
1661 382 1668 390 .
1693 346 1929 393 Redeamus
1941 344 1992 391 ad
2004 343 2144 411 Belgas
2166 380 2175 388 .
2329 331 2416 371 ¹487·

720 484 1390 543 FLAWDORVsta
1462 482 1818 527 MOTVS.

1115 554 1414 610 Annoi487.

42 668 199 699 cccxiii.
546 694 553 701 ,
907 693 912 700 ,
968 693 1005 700 ,-

289 702 332 745 Ν
355 692 581 743 Hollandia
603 708 754 760 agente
771 692 1078 738 Maxtmtlmno
1104 724 1116 743 ‚
1149 694 1240 735 Cor-

318 764 418 812 daeus
439 759 595 810 iterum
618 761 672 808 ad
706 762 904 808 Morinos
927 793 941 814 ,
976 762 1243 808 Terouannae

221 827 453 880 solicitabat
487 827 732 901 praesidium
776 866 785 874 .
821 827 901 877 Sed
931 828 1242 876 Maximillam

1296 687 1443 750 dibrijs
1469 722 1482 742 ,
1512 686 1702 755 hospitio
1733 683 1860 733 semel
1893 686 2132 754 iterumque
2164 703 2306 734 muta-

1299 774 1344 803 to
1367 774 1444 824 per
1476 759 1640 806 ciuium
1670 754 1935 802 insolentiam
1960 790 1968 799 .
2025 755 2161 801 Malta
2194 753 2305 823 plus-

1295 824 1428 892 quam
1481 823 1655 873 barbara
1697 821 1862 872 feritate
1912 823 2004 868 aaa
2056 821 2252 889 leguntur
2295 859 2304 869 .
2345 852 2496 888 Crudeli-

221 913 471 948 accurrente
505 902 526 963 (
551 916 602 944 ex
632 896 859 945 Hollandia
889 894 1074 943 reuersus
1107 910 1196 943 erat
1222 894 1241 958 )
1266 891 1271 949 I
1295 897 1531 962 Tragicum
1572 910 1702 961 atque
1735 890 1900 939 crudele
1937 890 1989 937 de
2021 891 2213 958 quodam
2243 909 2305 937 re-
2325 899 2497 929 Μίδωνι

223 970 393 1017 receffit
419 968 560 1017 Gallus
581 1001 594 1020 ,
631 974 674 1012 δε
698 961 1064 1014 Odomarifanum
1096 965 1243 1011 muni-
1268 954 1271 1024 l
1293 960 1437 1011 ferunt
1469 966 1660 1010 Scutario
1681 1000 1690 1008 .
1737 964 1775 1007 Is
1797 958 1915 1027 plebe
1939 955 2071 1007 fretus
2103 955 2306 1006 furente)
2326 989 2393 1010 um,

2325 938 2361 978 ris
2372 939 2400 969 G
2403 938 2498 971 anda.

225 1051 313 1084 tam
326 1040 546 1086 ciuitatem
569 1037 701 1082 noetu
714 1033 828 1081 scalis
841 1033 1026 1081 admotis
1049 1068 1063 1088 ‚
1099 1034 1214 1101 capit
1232 1069 1241 1078 .
1268 1025 1271 1061 ¹
1294 1050 1395 1078 cum
1409 1031 1520 1080 vrbis
1542 1029 1582 1078 se
1602 1032 1842 1079 venditaret
1866 1022 2121 1095 praefectum
2145 1060 2157 1079 ‚
2191 1031 2310 1074 loan-

224 1103 405 1154 Ciuibus
431 1104 621 1152 creditur
643 1099 988 1171 conspirantibus
1003 1135 1016 1155 ‚
1053 1119 1155 1149 nam
1179 1101 1240 1149 so·

223 1174 251 1220 li
274 1172 578 1242 quadringenti
591 1174 671 1220 viri
685 1169 1002 1219 comitabantur
1019 1170 1221 1219 Cordaeum
1233 1209 1242 1218 .

224 1242 339 1289 Dolo
361 1239 503 1309 postea
527 1258 734 1309 occupata
749 1239 957 1288 Bethunia
971 1272 984 1292 ,
1005 1239 1139 1288 Carolo
1150 1238 1244 1287 Gel-

223 1310 324 1359 driae
361 1312 558 1378 principe
585 1343 599 1363 ,
645 1310 834 1374 Waffbuio
857 1343 871 1362 ,
905 1314 950 1353 δε
987 1308 1152 1372 Boffittio
1178 1326 1245 1355 ca-

222 1381 307 1449 ptis
334 1414 348 1434 ,
383 1396 494 1449 quos
523 1380 702 1445 pecunia
724 1376 925 1426 multatos
952 1376 1093 1444 postea
1117 1376 1239 1424 dimi-

223 1447 275 1497 fit
304 1484 319 1504 ,
351 1465 453 1495 cum
479 1445 822 1495 Gandauensibus
853 1480 867 1500 ‚
898 1452 943 1491 δε
965 1444 1244 1512 Brugensibus

223 1519 336 1564 inito
371 1513 534 1564 foedere
571 1549 586 1569 ,
624 1517 902 1567 exaustorato
924 1549 938 1568 ,
984 1532 1118 1581 quem
1151 1518 1244 1563 Rex

222 1582 387 1633 iusserat
422 1618 435 1637 ,
476 1589 628 1631 Senatu
662 1602 673 1629 ε
718 1582 848 1631 aliurn
885 1579 1106 1649 nouosque
1152 1585 1241 1629 Ma-

222 1652 436 1721 gistratus,
450 1659 494 1698 &
505 1650 716 1721 opificum
728 1649 921 1700 tribunos
935 1652 1094 1698 creauit
1108 1689 1117 1697 .
1146 1653 1244 1699 Hoc

225 1725 388 1770 nuncio
411 1738 587 1788 accepto
600 1754 613 1775 ,
637 1720 976 1768 Maximilianus
989 1718 1126 1767 filium
1140 1723 1244 1769 Bru-

224 1790 338 1839 xellis
361 1789 645 1838 Mechliniam
669 1791 855 1857 migrare
880 1791 1000 1839 iuffit
1020 1797 1032 1847 (
1070 1786 1141 1837 vbi
1162 1787 1239 1836 sub

227 1860 389 1927 AEgidio
421 1859 591 1926 Duffidio
621 1893 635 1914 ,
666 1860 761 1908 viro
782 1877 932 1927 genere
956 1893 970 1913 ,
1003 1865 1047 1904 δε
1077 1858 1242 1907 (1οᾶῐί-

226 1946 281 1975 na
313 1927 445 1975 nobili
478 1927 801 1975 adolescentiam
833 1930 951 1997 egit)
986 1945 1090 1975 cum
1119 1946 1238 1997 expe-

227 1994 322 2042 dito
372 1997 543 2063 agmine
587 1994 796 2060 Brugense
829 1997 1044 2063 oppidum
1086 1998 1244 2044 irrum-

227 2080 328 2131 pere
350 2060 608 2110 constituens
632 2095 646 2114 ‚
681 2079 774 2107 acce
807 2080 853 2110 to
876 2080 979 2117 cum
989 2061 1245 2130 quibusdam

227 2131 453 2199 oppidanis
486 2130 506 2191 (
531 2147 639 2197 quos
673 2080 863 2176 consiiios
900 2128 1046 2178 habuit
1078 2131 1098 2194 )
1139 2131 1244 2180 die,

231 2200 253 2263 (
276 2217 370 2266 quae
390 2197 447 2244 est
467 2199 608 2264 vigilia
634 2203 671 2244 S.
711 2197 955 2264 Matthiae)
987 2216 1078 2267 quo
1109 2199 1243 2267 appli-

229 2283 341 2313 caret
368 2300 380 2320 ‚
416 2268 549 2332 priori
573 2261 709 2314 fertur
733 2265 936 2315 aduolaffe
966 2267 1034 2315 die
1060 2301 1073 2320 ‚
1102 2285 1242 2334 quum

229 2332 325 2384 esset
346 2333 553 2382 bissextilis
591 2334 655 2381 ille
678 2351 812 2383 annus
835 2368 849 2388 ,
883 2335 1011 2404 idque
1034 2333 1058 2382 εὶ
1088 2338 1244 2384 Duce)

229 2406 374 2452 minus
401 2402 722 2451 aduerteretur:
747 2402 944 2472 stetitque
967 2403 1172 2471 explicitis
1197 2401 1247 2449 fi-

229 2474 324 2541 gnis
349 2505 363 2525 ‚
386 2479 430 2517 &
450 2470 693 2539 agminibus
715 2489 832 2520 extra
852 2490 1027 2541 portam
1050 2506 1065 2527 ‚
1101 2488 1148 2520 vt
1160 2474 1246 2520 iam

230 2557 487 2589 conuenerat
508 2576 518 2585 .
557 2541 634 2588 Sed
657 2540 778 2588 rebus
807 2544 852 2588 in
876 2540 977 2590 vrbe
1001 2542 1246 2609 imparatis,

231 2607 341 2656 stetit
361 2607 448 2676 ipse
481 2606 645 2658 ociosus
677 2628 687 2653 :
724 2612 770 2656 in
801 2608 902 2660 vrbe
933 2608 1035 2659 vero
1063 2612 1248 2657 excitato

235 2675 424 2724 tumultu
466 2710 480 2730 ‚
525 2677 698 2744 plurimi
730 2682 842 2747 rapti
871 2677 969 2725 sunt
1001 2679 1055 2727 ad
1088 2677 1246 2747 suppli-

231 2748 349 2792 cium
372 2781 381 2791 .
427 2746 580 2791 Paucos
615 2745 710 2813 post
740 2747 826 2796 dies
860 2782 873 2801 ‚
908 2766 1009 2797 cum
1044 2747 1245 2816 placida-³

231 2814 381 2861 omnia
435 2815 734 2862 nunciarentur
778 2851 791 2871 ‚
845 2834 947 2864 cum
999 2818 1246 2885 quingentis

230 2882 435 2930 duntaxat
477 2882 577 2929 viris
627 2885 783 2950 Brugas
822 2885 862 2933 se
906 2886 1248 2942 Maximislmnm

230 2950 413 2998 contulit
434 2946 647 3018 persuasus
670 2948 692 2995 a
725 2958 832 3001 Petro
856 2953 1093 3021 Longicollio
1119 2989 1132 3006 ,
1164 2952 1246 3001 ho-

230 3021 350 3068 mine
383 3019 506 3087 Belga
531 3050 545 3071 ‚
578 3014 609 3063 fi
641 3019 736 3085 quis
775 3016 886 3069 forte
916 3040 1059 3071 motus
1100 3021 1248 3070 existe-

230 3105 295 3137 ret
337 3092 382 3136 in
422 3087 524 3138 vrbe
549 3120 562 3140 ,
592 3083 743 3154 praesto
776 3082 870 3134 fore
911 3093 988 3137 tria
1031 3088 1247 3147 fidorum„

231 3174 500 3209 armatorum
529 3155 662 3202 millia
687 3188 701 3209 ,
738 3157 815 3223 qui
845 3155 898 3203 ad
940 3163 1135 3223 quemuis
1166 3163 1243 3208 Re-

232 3228 295 3295 gis
331 3244 486 3275 nutum
517 3220 645 3271 essent
681 3225 850 3292 parati.
895 3224 1027 3271 Dolus
1060 3246 1146 3276 erat
1175 3246 1241 3275 cu-

232 3295 296 3341 sus
338 3294 364 3343 a
412 3290 690 3361 Brugensibus
728 3328 739 3347 ,
775 3299 818 3337 &
860 3293 1203 3346 Gandauensibus
1238 3331 1250 3350 ,

232 3366 308 3429 qui
342 3368 387 3411 in
423 3361 791 3411 Maximilianum
825 3359 1151 3428 conspirarant:
1187 3365 1249 3408 in-

19 3432 36 3504 ’θ’
61 3476 207 3509 cccxlv
234 3429 386 3498 gressus
411 3465 425 3486 ,
454 3447 605 3479 contra
637 3448 685 3477 ac
726 3428 989 3497 Longicollms
1018 3427 1215 3476 retulerat
1237 3465 1250 3483 ‚

19 3496 217 3562 lMaximiss
235 3502 381 3547 omnia
422 3502 581 3568 reperit
634 3497 906 3547 seditionibus
945 3497 1065 3564 plena
1099 3531 1111 3549 ‚
1157 3514 1243 3544 tan-

48 3553 222 3631 Ξῗέξζξζζ.
235 3566 336 3615 dem
366 3567 451 3636 ipse
483 3568 508 3617 :i
536 3567 698 3616 ciuibus
739 3569 784 3614 in
816 3565 1002 3615 custodia
1046 3563 1212 3613 habitus
1237 3600 1250 3619 ,

20 3639 179 3680 [Brugn-
238 3635 466 3704 multisque
509 3636 563 3685 ab
592 3635 788 3686 insolenti
832 3633 950 3705 plebe
986 3632 1158 3682 affectus
1189 3634 1242 3685 lu-

405 3707 635 3752 Tom.Vll.

1268 3636 1366 3728 'Ad
1411 3655 1541 3704 quem
1580 3641 1713 3688 iturus
1753 3626 2090 3685 Maximili'asms
2129 3668 2143 3688 >
2183 3630 2299 3677 sum·
2320 3659 2397 3693 lma.

1295 1121 1386 1147 nem
1418 1100 1685 1150 Grachthium
1718 1133 1730 1152 ‚
1777 1102 1970 1146 loannem
2001 1096 2267 1145 Vcenhouium
2297 1128 2310 1148 ,

1297 1176 1340 1214 &
1364 1175 1524 1216 Petrum
1545 1169 1759 1233 Gcrsbne'm
1784 1169 1896 1215 viros
1917 1164 2113 1233 adprime
2127 1161 2282 1211 nobiles
2296 1197 2309 1217 ,

1298 1244 1342 1283 &
1364 1237 1462 1284 alios
1483 1237 1630 1285 decem
1656 1235 1770 1287 vrbis
1792 1237 2001 1303 primores
2022 1233 2076 1281 ad
2098 1231 2136 1280 se
2159 1250 2282 1282 vocat
2296 1267 2309 1287 ,

1299 1303 1418 1375 quasi
1437 1304 1490 1353 ab
1511 1308 1759 1353 imminenti
1783 1322 1852 1351 eos
1876 1302 2121 1351 liberaturus
2143 1303 2308 1370 pericu-

1299 1375 1339 1423 lo
1363 1413 1371 1422 .
1409 1378 1468 1422 Ea
1480 1378 1609 1423 noSte
1628 1374 1742 1443 apud
1767 1372 1805 1420 se
1827 1372 1998 1420 manere
2019 1369 2161 1418 suadet
2176 1369 2311 1436 ‚post-

1300 1444 1405 1492 ridie
1425 1442 1575 1492 liberos
1597 1441 1691 1491 fore
1711 1446 1843 1489 iurat:
1865 1446 1910 1486 ὃς
1935 1458 2024 1509 quo
2045 1437 2189 1487 minus
2212 1436 2311 1485 sini·
2382 1440 2386 1443 ’

1300 1512 1372 1560 stri
1392 1512 1618 1582 quidpiam
1647 1510 1957 1581 suspicarentur
1977 1543 1991 1563 ‚
2023 1526 2172 1557 vxores
2199 1506 2312 1575 ipso-

1300 1600 1400 1628 rum
1412 1584 1556 1629 vocari
1578 1580 1695 1629 iubet
1721 1615 1734 1635 ‚
1769 1595 1974 1647 coenaque
1985 1576 2202 1626 satislauta
2213 1594 2312 1622 om-

1301 1668 1371 1697 nes
1393 1651 1575 1718 excipit.
1615 1649 1710 1698 Post
1722 1649 1929 1703 ,dimiffis
1951 1648 2136 1695 domum
2169 1647 2310 1694 onri-

1299 1717 1376 1766 bus
1402 1753 1415 1773 ,
1451 1718 1696 1767 dormitum
1719 1716 1973 1767 conceditur
2005 1754 2014 1763 .
2054 1718 2148 1763 Nec
2182 1712 2309 1780 longe

1299 1786 1536 1855 adsumptis
1567 1787 1733 1838 duobus
1781 1783 2097 1854 Augustinianae
2136 1781 2308 1831 familiae

1300 1854 1503 1926 religiosis
1527 1892 1540 1913 ,
1561 1863 1603 1903 &
1625 1854 1823 1904 carnifice
1855 1890 1868 1908 ,
1904 1853 2165 1901 dormientes
2194 1853 2307 1898 exci-

1300 1943 1364 1973 tat
1379 1959 1394 1980 ‚
1416 1928 1512 1976 vitae
1538 1929 1705 1975 nuntiat
1722 1924 1948 1995 periodum
1964 1957 1976 1976 ‚
1997 1940 2166 1992 peccata
2189 1918 2221 1966 si
2242 1923 2314 1969 ve->

1299 1995 1378 2041 lint
1402 2029 1416 2049 ‚
1453 1995 1739 2044 confiteantur
1754 2033 1763 2042 .
1802 1989 2022 2042 Confess‘os
2045 2027 2059 2046 ,
2085 1991 2193 2037 nulla
2216 2006 2308 2035 arn-

1301 2064 1408 2132 plius
1431 2061 1536 2113 hora
1557 2061 1750 2134 permissa
1771 2097 1785 2117 ,
1813 2060 2009 2111 decollari
2028 2059 2168 2108 iubet.
2207 2063 2307 2104 San-

1297 2135 1475 2199 guinem
1500 2151 1654 2182 eorum
1688 2150 1763 2199 per
1783 2130 1963 2180 tabulata
1987 2127 2278 2175 distillantem,
2294 2161 2305 2179 ‚

1300 2201 1415 2249 nullo
1435 2202 1572 2250 modo
1590 2201 1671 2249 elui
1704 2197 1880 2268 potuisse
1904 2231 1917 2250 ‚
1952 2198 2172 2242 memoria:
2204 2211 2306 2267 pro-

1298 2267 1411 2316 ditur
1437 2308 1446 2316 .
1496 2275 1560 2317 Ca
1595 2271 1650 2316 ita
1679 2266 1834 2316 dehinc
1866 2300 1879 2319 ‚
1915 2272 1957 2310 &
1990 2281 2161 2311 truncos
2197 2264 2307 2309 l'ere-

1302 2340 1376 2383 tris
1416 2288 1617 2406 imposiia
1649 2371 1662 2390 ,
1703 2336 1754 2383 ad
1783 2335 2082 2381 coemeterium
2106 2330 2307 2400 Augusti-

1303 2403 1496 2453 nensium
1519 2406 1822 2471 deportantur.
1861 2401 2179 2456 Eo,ortaluce‚
2202 2419 2306 2448 vxo-

1300 2470 1413 2519 ribus
1452 2490 1681 2539 properare
1712 2471 1827 2518 iubet
1860 2508 1868 2517 .
1908 2474 2089 2518 Interim
2120 2474 2309 2517 Innocen-

1299 2543 1378 2588 tius
1409 2538 1604 2590 Pontifex
1636 2573 1650 2593 ,
1687 2541 1823 2590 miflis
1853 2541 1898 2584 in
1932 2538 2169 2586 Flandriam
2197 2538 2308 2583 litte-

1298 2613 1354 2656 ris
1369 2643 1382 2662 ,
1418 2605 1696 2678 Brugenfibus
1717 2624 1958 2674 eorumque
1980 2605 2101 2671 l'ocijs
2129 2643 2141 2663 ,
2174 2604 2308 2653 saeris

1298 2676 1500 2725 omnibus
1521 2677 1856 2725 interditsturum
1878 2675 1917 2722 se
1937 2674 1976 2723 se
1997 2678 2188 2723 minatur
2211 2709 2224 2729 ,
2245 2676 2311 2721 ni..

1297 2746 1329 2793 fi
1349 2751 1653 2796 Romanorum
1674 2750 1839 2813 Regem
1860 2743 2042 2792 libertati
2063 2742 2283 2791 restituant
2297 2781 2307 2790 .

1298 2819 1443 2884 Magis
1477 2814 1578 2865 vero
1606 2834 1677 2864 eos
1708 2816 1850 2861 mouit
1878 2847 1891 2867 ‚
1928 2812 2049 2881 quod
2079 2817 2120 2858 F
2121 2811 2307 2862 ridericus
2324 2798 2497 2874 {2323}be

1297 2888 1539 2952 Imperator
1561 2902 1663 2932 cum
1685 2882 1824 2932 valido
1844 2886 2166 2930 Germanorum
2189 2899 2308 2928 exer-
2336 2883 2498 2930 flandr&

1296 2956 1383 3002 citu
1405 2953 1556 3002 auxilia
1585 2951 1694 3002 ferre
1729 2954 1993 2999 nuntiaretur
2015 2986 2025 2995 .
2061 2954 2155 3000 Rex
2185 2968 2309 2996 cum,
2327 2937 2413 2967 ΨΜ

1295 3020 1470 3070 summo
1503 3018 1621 3070 metu
1649 3038 1791 3089 ageret
1814 3054 1827 3074 ,
1857 3038 1991 3088 quem
2021 3019 2101 3067 loci
2128 3017 2308 3085 augebat

1295 3088 1481 3138 solitudo
1520 3125 1533 3144 ,
1569 3096 1613 3135 &
1650 3088 1824 3136 suorum
1862 3088 2098 3135 aulicorum
2128 3089 2309 3153 captiui-

1299 3177 1357 3205 tas
1370 3180 1382 3215 ς
1394 3176 1489 3206 ante
1504 3161 1633 3226 patris
1654 3159 1889 3210 aduentum
1904 3192 1917 3211 ,
1929 3153 2059 3225 passus
2079 3153 2138 3202 est
2149 3172 2308 3223 propa·

1298 3225 1383 3274 fitis
1405 3229 1585 3276 ciuitatis
1607 3224 1764 3295 legibus
1790 3223 1829 3272 se
1858 3224 2076 3273 conciliari
2098 3262 2107 3271 .
2150 3229 2307 3291 Capta-

1300 3313 1346 3343 to
1369 3299 1472 3364 itaq;
1493 3314 1595 3345 cum
1616 3296 1765 3363 primis
1787 3293 2045 3344 Flandorum
2065 3292 2281 3360 colloquio
2295 3325 2307 3344 ,

1296 3363 1490 3413 sermone
1521 3364 1691 3434 placido
1711 3397 1725 3417 ,
1745 3366 1952 3431 temporis
1981 3365 2118 3432 magis
2148 3361 2306 3430 quam)

1297 3431 1515 3498 dignitatis
1546 3450 1717 3482 memor
1739 3464 1753 3486 ,
1785 3432 1837 3481 ad
1869 3431 2126 3502 placandum
2157 3445 2302 3498 paren-

1298 3516 1386 3546 tem
1424 3503 1581 3548 iturrus
1616 3503 1838 3570 promittit
1871 3523 1884 3559 ;
1923 3505 2003 3571 qui
2043 3505 2133 3547 iam
2179 3513 2302 3544 cum)

1296 3571 1483 3615 exercitu
1505 3604 1519 3622 ,
1549 3572 1593 3618 in
1625 3567 1900 3618 Brabantiam
1931 3568 2129 3636 ingressus
2168 3579 2254 3611 erat
2286 3601 2298 3610 .
2319 3574 2492 3610 [liberatur

2322 3620 2375 3650 Α(
2379 3630 2432 3649 axz
2437 3631 2478 3649 m}

1949 3707 1989 3752 R
2158 3717 2235 3770 pro
